3030 5084
653 234 869 296 „21-

231 406 487 501 ὀφθαλμοῖσιν
513 401 606 476 ἰδεῖν
630 401 693 495 ἠδ’
722 402 855 477 οὔασιν
881 403 998 477 όσσαν
1024 403 1180 478 ἀκοῦσαι

233 523 366 612 αὔτως,
395 522 444 604 ὥς
470 522 530 594 ὅτε
555 524 652 592 Γαῖα
677 519 740 591 καλ
768 521 937 615 Οὐρανός
963 521 1071 618 εάρδς
1096 522 1261 619 ὕπερθεν

229 639 400 714 πίλνατο·
427 644 525 720 τοῖος
550 633 624 736 γάρ
649 663 689 710 κε
713 638 883 743 μέγιστος
910 638 1049 721 δοῦπος
1075 637 1220 737 ὀρώρει,

228 764 291 850 τῆς
315 756 385 853 μὲν
410 754 655 854 ἐρειπομένης,
682 762 750 829 τοῦ
775 755 800 829 δ
803 755 815 781 ²
843 753 994 854 ἀφόθεν
1013 752 1254 853 ἐξεριπόντος.

166 883 215 934 705
230 873 342 943 τόσσος
362 874 477 941 δοῦπος
496 868 596 950 έγιντο
617 872 701 931 θεῶν
720 867 797 948 ἐριδι
818 871 992 943 ξυνιόντων.

227 968 298 1041 σὺν
323 967 348 1039 δ
353 967 363 991 ³
391 967 520 1061 ἄνεμοι
546 964 669 1041 ἔνοσίν
693 994 732 1038 τε
756 962 861 1040 κόνιν
884 966 932 1038 θ’
960 967 1040 1062 ἄμα
1064 964 1315 1068 ἐσφαράγιζον
1360 1039 1362 1042 .

225 1084 390 1181 βροντήν
415 1114 453 1157 τε
481 1080 661 1180 στεροπήν
677 1112 722 1155 τε
747 1082 811 1156 καὶ
835 1082 1061 1159 αἰθαλόεντα
1085 1084 1281 1181 κεραυνὸν,

225 1210 316 1296 κῆλα
343 1203 429 1285 Διὸς
453 1199 641 1303 μεγάλοιο,
669 1201 784 1298 φέρον
809 1200 849 1275 δ’
877 1200 986 1298 ἰαχήν
1009 1201 1045 1274 τ’
1073 1201 1207 1292 ἐνοπήν
1232 1230 1271 1274 τε

227 1327 262 1402 ἐς
286 1323 401 1418 μέσον
427 1320 668 1415 ἀμφοτέρων·
696 1318 829 1414 ὄτοβος
855 1318 895 1390 δ’
924 1319 1083 1413 ἄπλητος
1109 1319 1242 1418 ὀρώρει

166 1456 216 1507 ιιο
231 1439 454 1535 σμερδαλέης
480 1437 609 1533 ἔριδος,
636 1432 772 1530 κάρτος
798 1435 838 1507 δ’
866 1435 1087 1533 ἀνεφαίνετο
1113 1440 1242 1538 ἔργων.

229 1554 365 1639 ἐκλίνθη
388 1556 426 1620 δέ
446 1551 551 1639 μάχη·
575 1553 654 1637 πρὶν
677 1547 711 1617 δ’
736 1547 897 1637 ἀλλήλοις
919 1551 1110 1634 ἐπέχοντες

228 1657 394 1739 ἐμμενέως
416 1650 576 1738 ἐμάχοντο
600 1651 658 1719 διά
682 1650 843 1739 κρατερός
865 1647 1015 1734 ὑσμίνας.

222 1886 259 1950 οἳ
284 1880 323 1953 δ’
353 1880 415 1976 ἄρ’
444 1880 498 1954 ἐνὶ
523 1875 700 1974 πριότοισι
724 1876 850 1972 μάχην
876 1877 1049 1975 δριμεῖαν
1073 1867 1232 1980 ἔγειραν

222 1994 362 2078 Κόττος
386 2025 424 2069 τε
450 1993 641 2092 Βριάρεως
661 2024 699 2067 τε
725 1992 823 2088 Γόης
848 1995 883 2067 τ’
913 1996 1025 2079 ἄατος
1049 1999 1233 2092 πολέμοιο,

161 2132 211 2182 715
226 2117 266 2186 οἵ
287 2120 332 2210 ῥα
358 2113 567 2209 τριηκοσίας
592 2114 727 2211 πέτρας
753 2115 945 2210 στιβαρῶν
970 2113 1043 2185 ἀπὸ
1067 2123 1204 2210 χειρῶν

197 2261 200 2264 ’
221 2233 366 2326 πέμπον
390 2232 650 2328 ἐπασσυτέρας,
676 2230 772 2304 κατά
800 2231 838 2305 δ’
866 2230 1042 2305 ἐσκίασαν
1066 2232 1228 2327 βελέεσσι

227 2357 393 2444 Τιτῆνας.
419 2349 482 2422 καὶ
506 2351 595 2432 τοὺς
618 2349 688 2445 μὲν
714 2349 787 2422 ἀπὸ
810 2349 952 2442 χθονὸς
979 2350 1188 2448 εὐρυοδείης

222 2469 376 2566 πέμφαν
396 2468 459 2542 καὶ
482 2469 673 2562 δεσμοῖσιν
698 2471 738 2540 ἐν
764 2467 996 2566 ἀργαλέοισιν
1021 2467 1169 2562 ἔδησαν,

224 2579 403 2662 νικήσαντες
418 2584 526 2661 χερσὶν
545 2578 745 2661 ὑπερθύμους
764 2602 819 2659 περ
840 2581 956 2651 ἐόντας,

157 2697 209 2747 τεο
223 2677 358 2753 τόσσον
383 2678 510 2778 ἔνερθ’
537 2678 610 2753 ἀπὸ
636 2685 703 2779 γῆς
732 2678 822 2751 ὅσον
848 2674 1007 2772 οὐρανός
1029 2678 1107 2750 ἐστ’
1135 2679 1207 2752 ἀπὸ
1233 2677 1349 2779 γαίης.

158 2815 208 2864 ιιι
222 2797 327 2870 ἐννέα
353 2796 427 2894 γάρ
454 2795 590 2878 νύκτας
611 2797 737 2884 τεκαὶ
761 2795 886 2889 ἤματα
910 2793 1063 2888 χάλκεος
1089 2795 1231 2891 ἄκμων,

219 2910 429 3009 οὐρανόθεν
453 2911 605 3000 κατιιόν,
633 2911 766 3005 δεκάτη
793 2915 828 2994 ἐς
852 2917 968 3012 γαῖαν
991 2914 1125 2984 ἵκοιτο·

222 3031 326 3104 ἐννέα
353 3030 390 3103 δ’
416 3026 465 3103 αὖ
491 3028 627 3112 νύκτας
652 3057 690 3102 τε
716 3030 779 3103 καὶ
803 3030 928 3126 ἤματα
951 3026 1104 3123 χάλκεος
1130 3029 1274 3126 ἄκμων,

160 3166 210 3216 ιιι
225 3150 265 3218 ἐκ
290 3144 396 3246 γαίης
420 3143 572 3232 κατιάιν,
600 3143 734 3236 δεκάτη
761 3151 796 3226 ἐς
826 3147 1022 3243 Τάρταρον
1047 3151 1131 3221 ἵκοι.

216 3263 283 3336 τὸν
307 3262 388 3358 πέρι
410 3260 568 3358 χάλκεον
594 3264 695 3360 ἄρκος
722 3261 909 3356 ἐλήλαται·
939 3263 1037 3360 ἀμφὶ
1062 3263 1107 3337 δέ
1128 3291 1195 3359 μιν
1221 3265 1287 3347 νὺξ

218 3379 413 3476 τριστοιχεὶ
436 3381 585 3474 κέχυται
611 3379 693 3476 περὶ
718 3380 855 3477 δειρὴν,
884 3380 1004 3475 αάτόιρ
1032 3381 1195 3477 ὕπερθεν

214 3505 280 3597 γης
306 3497 402 3591 ῥίζαι
427 3495 587 3593 πεφύασι
613 3498 675 3570 καλ
698 3498 912 3598 ἀτρυγέτοιο
939 3497 1142 3595 θαλάσσης.

211 3615 330 3688 Ἔνθα
357 3613 441 3687 θεοὶ
470 3621 617 3709 Τιτῆνες
643 3615 714 3689 ἀπὸ
742 3615 846 3711 ζόφῳ
872 3614 1032 3713 ἠερόεντι

157 3749 208 3800 730
221 3730 447 3831 κεκρύφαται
471 3736 628 3829 βουλῇσι
653 3732 741 3816 Διὸς
762 3735 1063 3835 νεφεληγερέταο·

159 3870 211 3920 732
224 3857 299 3932 τοῖς
326 3852 394 3924 οὐκ
420 3850 537 3936 ἐξιτόν
560 3855 647 3941 ἐστι,
673 3850 791 3935 πόλας
817 3852 856 3927 δ’
884 3854 1038 3948 ἐπέθηκε
1063 3853 1279 3928 Ποσειδέων

217 3969 400 4063 χαλκείας,
427 3976 544 4063 τεῖχος
571 3969 611 4044 δέ
638 3970 843 4066 περοίχεται
866 3971 1152 4068 ἀμφοτέρωθεν,

220 4090 315 4161 ἔνθα
340 4085 438 4184 Γόης
464 4085 604 4170 Κόττος
630 4119 666 4162 τε
691 4088 755 4162 καλ
777 4087 1007 4187 Ὀβριάρεως
1034 4087 1256 4188 μεγάθυμος

158 4224 208 4275 735
223 4205 404 4295 ναίουσιν,
431 4205 590 4305 φύλακες
615 4208 737 4281 πιστοὶ
764 4207 850 4288 Διὸς
878 4205 1067 4309 αλγιόχοιο.

649 4430 848 4440 -.-.--—--—
