3030 5084
641 219 869 332 Ψεει-ζ

224 434 362 520 παντός
385 438 421 511 τ’
446 437 626 512 Ὠκεανοῦ
650 466 689 510 τε
715 435 797 532 ῥοαὶ
821 435 884 508 καὶ
907 433 1075 532 τάρταρα
1101 434 1218 535 γαίης.

226 554 320 614 ποσσὶ
341 549 373 632 δ’
393 549 448 614 ἀπ’
470 550 658 614 ἀθανάτοισι
677 552 772 630 μέγας
787 547 954 627 πελεμίζετ’
969 544 1130 627 Ὄλυμπος

225 642 401 724 ὀρνυμένοιο
422 644 569 715 ἄνακτος·
590 639 800 720 ὑπεστενάχιζε
815 641 848 701 δέ
867 648 950 721 γαΐα.

224 749 349 836 καῦμα
376 741 401 815 δ
443 769 495 814 υπ
539 739 763 836 αμφοτέρων
787 735 940 831 κάτεχεν
965 736 1098 811 ἰοειδέα
1123 735 1275 828 πόντον,

162 879 212 929 845
225 862 384 957 βροντῆς
405 887 444 930 τε
467 861 641 954 στεροπῆς
666 882 705 928 τε
730 852 846 953 πυρός
870 855 908 927 τ’
935 854 1008 928 ἀπὸ
1034 850 1113 928 τοῖο
1139 853 1318 953 πελώρου,

223 974 445 1073 πρηστήρων
470 974 620 1070 ἀνέμων
644 1002 683 1046 τε
707 981 890 1071 κεραυνοῦ
914 1002 953 1045 τε
979 973 1235 1073 φλεγέθοντος.

222 1093 296 1183 ἐζεε
322 1093 363 1168 δέ
384 1092 497 1190 χθών
521 1100 622 1166 πᾶσα
647 1089 711 1164 καὶ
735 1090 892 1188 οὐρανὸς
918 1087 984 1185 ῆδέ
1009 1088 1204 1165 θάλασσα·

221 1215 295 1286 θύε
319 1212 359 1286 δ’
381 1213 444 1311 ἄρ’
472 1210 570 1308 ἀμφ’
591 1208 704 1292 ἀκτάς
722 1208 806 1305 περί
822 1209 858 1281 τ’
879 1207 980 1307 ἀμφί
996 1230 1035 1281 τε
1052 1207 1202 1304 κύματα
1225 1209 1349 1308 μακρά

225 1334 308 1423 ῥιπῇ
334 1330 403 1404 ὕπ’
432 1327 653 1416 ἀθανάτων,
681 1330 799 1407 ένοσις
824 1327 863 1399 δ’
891 1328 1071 1424 ἄσβεστος
1096 1327 1238 1427 ὀρώρει.

160 1447 346 1544 εοοτρέσσ’
368 1446 488 1541 Ἀίδης
515 1445 668 1543 ἐνέροισι
692 1444 1029 1541 καταφθιμένοισιν
1054 1443 1242 1537 ἀνάσσων,

224 1564 371 1658 Τιτῆνές
395 1565 441 1636 θ’
468 1560 747 1659 ὑποταρτάριοι,
773 1559 919 1658 Κρόνον
944 1562 1062 1660 ἀμφὶς
1088 1561 1217 1648 ἐόντες.

223 1675 379 1754 ἀσβέστου
399 1673 540 1737 κελάδοιο
560 1677 612 1735 καλ
633 1677 720 1753 αἰνῆς
739 1676 910 1753 δηιοτῆτος.

274 1779 369 1862 Ζεύς
393 1778 417 1852 δ
420 1777 432 1804 ³
453 1777 529 1852 ἐπεὶ
550 1774 619 1852 οὗν
638 1774 825 1875 κόρθυνεν
839 1776 900 1852 ἐὸν
912 1777 1034 1873 μένος,
1058 1783 1169 1854 είλετο
1190 1780 1215 1854 δ
1218 1782 1229 1807 ³
1244 1783 1351 1873 ὅπλα,

220 1893 384 1995 βροντήν
409 1926 448 1969 τε
475 1895 655 1994 στεροπήν
679 1925 717 1968 τε
743 1893 806 1968 καὶ
831 1895 1057 1972 αἰθαλόεντα
1082 1898 1277 1998 κεραυνόν,

68 2026 72 2031 “
162 2037 212 2087 555
227 2021 359 2111 πλῆξεν
383 2015 449 2089 ἀπ’
479 2011 694 2109 Ούλύμποιο
721 2010 938 2109 ἐπάλμενος·
966 2016 1065 2116 ἀμφὶ
1091 2016 1131 2092 δέ
1156 2017 1277 2100 πάσας

224 2138 348 2232 ἔπρεσε
372 2131 572 2214 θεσπεσίας
596 2130 759 2229 κεφαλάς
785 2132 920 2208 δεινοῖο
946 2132 1124 2231 πελώρου.

222 2252 343 2349 αύτάρ
371 2250 446 2325 ἐπεὶ
471 2249 517 2345 δή
543 2278 609 2346 μιν
634 2247 780 2345 δάμασε
805 2259 985 2352 πληγῇσιν
1009 2251 1180 2349 ἱμάσσας,

218 2373 323 2468 ῆριπε
349 2366 537 2471 γυιωθεὶς,
565 2365 752 2462 στενάχιζε
778 2367 818 2442 δέ
846 2376 936 2471 γαῖα
963 2369 1125 2469 πελώρη·

222 2489 316 2587 φλὸξ
340 2487 380 2562 δέ
401 2488 706 2585 κεραυνωθέντος
731 2488 907 2561 ἐπέσσυτο
928 2495 1006 2563 τοῖο
1029 2489 1187 2572 ἄνακτος

159 2615 209 2666 860
224 2601 332 2683 ούρεος
352 2603 384 2665 ἐν
402 2603 557 2685 βήσσῃσιν
577 2600 693 2684 ἀϊδνῆς,
715 2601 955 2686 παιπαλοέσσῃς,

221 2699 429 2799 πληγέντος.
455 2697 568 2793 πολλῆ
592 2695 633 2772 δέ
657 2697 802 2797 πελώρη
826 2698 949 2773 καίετο
974 2706 1064 2801 γαῖα

222 2816 320 2909 ἀτμῇ
345 2817 524 2910 θεσπεσίη
548 2817 612 2891 καὶ
637 2816 795 2913 ἐτήκετο,
820 2817 1032 2914 κασσίτερος
1058 2817 1108 2899 ώς

221 2930 329 3025 τέχνη
353 2933 420 3006 ἀπ’
448 2935 587 3030 αίζηων
611 2934 685 3008 ύπό
710 2935 746 3007 τ’
775 2932 951 3032 εύτρήτου
974 2931 1127 3029 χοάνοιο

221 3048 425 3149 θαλφθείς,
451 3051 492 3145 ῆέ
519 3052 682 3151 σίδηρος,
709 3053 796 3151 ὅπερ
820 3050 1095 3151 κρατερώτατός
1120 3058 1232 3148 ἐστιν,

160 3185 211 3236 855
226 3166 354 3263 οὔρεος
380 3171 420 3241 ἐν
441 3167 602 3263 βήσσῃσι
627 3169 884 3265 δαμαζόμενος
909 3173 999 3271 πυρὶ
1023 3175 1139 3269 κηλέῳ

223 3281 370 3378 τήκεται
396 3290 437 3360 ἐν
456 3286 573 3381 χθονὶ
599 3287 660 3381 δίη
686 3287 756 3386 ὑφ’
780 3288 990 3388 Ἡφαίστου
1016 3287 1237 3385 παλάμῃσιν·

220 3402 270 3485 ιδς
295 3403 368 3501 ἀρα
394 3401 521 3500 τήκετο
547 3412 637 3506 γαῖα
660 3407 747 3504 σέλα
770 3408 886 3506 πυρὸς
913 3409 1139 3506 αἰθομένοιο.

223 3513 355 3596 ῥῖψεδέ
369 3543 422 3596 μιν
441 3525 537 3605 θυμῷ
557 3519 681 3600 ἀκαχιδν
701 3522 733 3593 ές
756 3518 922 3603 Τάρταρον
942 3522 1042 3606 εύρύν.

267 3714 329 3789 Ἐκ
355 3714 396 3790 δέ
427 3715 602 3814 Τυφωέος
627 3717 704 3791 ἐστ’
733 3717 881 3814 ἀνέμων
905 3723 1015 3815 μένος
1040 3721 1158 3825 ύγρὸν
1182 3724 1337 3818 ἀέντιυν,

159 3847 210 3900 570
224 3828 335 3930 νόσφι
360 3831 487 3909 Νότου
512 3834 641 3932 Βορέω
666 3862 706 3908 τε
725 3835 788 3909 καὶ
812 3838 994 3939 ἀργέστεω
1020 3840 1219 3940 Ζεφύροιο,

224 3950 324 4049 οἵγε
346 3951 417 4049 μέν
442 3958 481 4027 ἐκ
505 3950 644 4052 θεόφιν
668 3956 786 4053 γενεὴ,
811 3961 965 4054 θνητοῖς
989 3959 1074 4060 μέγ’
1103 3961 1242 4060 όνειαρ·

223 4067 262 4137 αἱ
286 4067 325 4140 δ’
353 4070 459 4144 ἄλλαι
484 4071 571 4170 μὰψ
597 4067 711 4170 αὖραι
734 4086 920 4153 ἐπιπνείουσι
939 4086 1118 4152 θάλασσαν.
1168 4150 1172 4155 .

225 4195 258 4257 αἶ
278 4195 309 4256 δ’
331 4196 399 4277 ῆτοι
417 4201 586 4265 πίπτουσαι
612 4194 647 4274 ἐς
673 4191 856 4287 ἠεροειδέα
881 4189 1031 4281 πόντον,

222 4308 326 4395 πῆμα
350 4304 445 4404 μέγα
469 4310 653 4403 θνητοῖσι,
679 4317 773 4400 κακῆ
798 4307 961 4386 θύουσιν
988 4311 1105 4404 ἀέλλῃ.

161 4437 211 4488 875
226 4419 353 4493 άλλοτε
380 4420 419 4495 δ’
447 4423 551 4498 ἀλλαι
578 4427 684 4519 ἀεῖσι,
711 4427 948 4503 διασκιδνᾶσί
970 4459 1008 4504 τε
1034 4437 1124 4525 νῆας

223 4536 361 4622 ναύτας
385 4567 424 4614 τε
452 4542 666 4641 φθείρουσι·
691 4555 810 4621 κακοῦ
836 4547 873 4622 δ’
902 4549 948 4624 ού
971 4550 1136 4650 γίγνεται
1161 4548 1252 4645 ἀλκῆ
