3030 5084
647 283 859 346 -19..

224 450 340 548 δηρὸν
363 452 437 552 γάρ
462 449 673 548 μάρναντο,
697 449 815 524 πόνον
837 450 1025 549 θυμαλγέ’
1054 452 1210 544 ἔχοντες,

163 588 214 640 630
233 571 381 664 Τιτῆνές
405 599 444 642 τε
468 566 553 641 θεοί
576 566 639 641 καί
665 567 746 640 όσοι
773 566 920 663 Κρόνου
941 567 1158 668 ἐξεγένοντο,

222 687 352 762 ἀντίον
376 687 560 782 ἀλλήλοισι
586 684 649 759 διά
673 684 851 780 κρατεράς
876 684 1051 779 ὑσμίνας·

223 803 352 900 οἱμὲν
377 805 449 903 ἀφ’
477 804 620 902 ὐφηλῆς
637 802 803 897 Ὄθρυος
833 808 981 896 Τιτῆνες
1008 802 1158 904 ἀγαυοὶ,

221 924 256 994 οἱ
282 923 324 997 δ’
349 923 415 1019 ἀρ’
443 922 513 997 ἀπ’
543 918 759 1015 Οὐλύμποιο
784 918 883 1010 θεοὶ,
911 919 1072 1019 δωτῆρες
1098 920 1207 1010 ἐάων,

222 1040 286 1122 οὐς
311 1041 413 1116 τέκεν
437 1036 598 1136 ἠύκομος
616 1039 709 1134 Ῥείη
734 1036 870 1136 Κρόνῳ
897 1038 1106 1133 εὐνηθεῖσα.

160 1162 210 1215 635
226 1153 258 1214 οἵ
276 1150 317 1232 ῥα
335 1152 402 1217 τότ’
424 1150 583 1234 ἀλλήλοισι
603 1150 706 1231 μάχην
725 1148 887 1231 θυμαλγέ’
907 1149 1027 1230 ἔχοντες

222 1245 371 1323 συνεχέως
390 1242 541 1324 ἐμάχοντο
562 1245 636 1308 δέκα
655 1245 778 1315 πλείους
797 1242 965 1315 ἐνιαυτούς.

223 1333 297 1397 οὐδέ
311 1344 361 1407 ’τις
379 1328 417 1416 ῆν
437 1335 539 1418 ἴριδος
554 1341 692 1416 χαλεπῆς
711 1332 798 1408 λύσις
818 1333 891 1397 οὐδὲ
909 1338 1033 1416 τελευτὴ

224 1423 406 1506 οὐδετέροις,
429 1423 496 1488 ι’σον
516 1429 550 1490 δὲ
566 1428 652 1500 τέλος
671 1427 780 1490 τέτατο
799 1429 971 1506 πτολέμοιο.

222 1522 306 1596 ἀλλ’
335 1523 395 1597 ὅτε
422 1523 468 1618 δὴ
495 1523 645 1599 κείνοισι
671 1525 900 1622 παρέσχεθεν
924 1523 1068 1620 ἀρμενα
1093 1521 1231 1613 πάντα,

159 1660 209 1711 σω
223 1641 356 1736 νέκταρ
381 1639 419 1712 τ’
445 1641 658 1739 ἀμβροσίην
682 1671 734 1731 τε,
760 1639 876 1734 τάπερ
901 1641 986 1712 θεοὶ
1009 1640 1117 1713 αὐτοὶ
1142 1637 1281 1730 ἔδουσι,

219 1753 372 1832 πάντων
396 1760 437 1831 ἐν
463 1755 663 1852 στήθεσσιν
688 1758 809 1842 ἀέξετο
836 1756 962 1853 θυμὸς
984 1754 1145 1858 ἀγήνωρ.
1222 1797 1227 1807 ·

207 1870 263 1943 ἀς
281 1872 391 1946 νέκταρ
412 1869 444 1932 δ’
466 1873 622 1935 ἐπάσαντο
642 1872 694 1934 καὶ
714 1869 889 1952 ἀμβροσίην
909 1871 1075 1950 ἐρατεινήν,

219 1966 265 2062 δὴ
291 1964 374 2040 τότε
398 1971 475 2048 τοῖς
500 1968 662 2062 μετέειπε
687 1967 807 2064 πατὴρ
834 1965 985 2063 ἀνδρῶν
1010 1994 1050 2039 τε
1074 1970 1179 2042 θεῶν
1204 1993 1260 2041 τε·

269 2083 431 2157 Κέκλυτέ
450 2113 536 2179 μευ,
560 2084 673 2179 Γαίης
699 2114 738 2158 τε
762 2083 825 2157 καὶ
853 2083 1028 2180 Οὐρανοῦ
1054 2083 1174 2184 ἀγλαά
1200 2083 1321 2173 τέκνα,

159 2219 209 2271 645
223 2201 312 2299 ὄφρ’
339 2205 428 2275 ε’ίπω
454 2198 503 2274 τά
527 2231 573 2297 με
594 2203 720 2298 θυμὸς
746 2201 800 2276 ἐνὶ
826 2198 1001 2295 στήθεσσι
1026 2198 1170 2275 κελεύει.

219 2317 289 2413 ῆδη
314 2319 388 2419 γάρ
414 2319 516 2414 μάλα
543 2320 658 2418 δηρὸν
681 2319 841 2396 ἐναντίοι
866 2316 1049 2414 ἀλλήλοισι

219 2436 320 2530 νίκης
344 2437 407 2510 καὶ
430 2435 581 2535 κράτεος
606 2438 687 2535 πέρι
712 2435 931 2535 μαρνάμεθ’
954 2437 1080 2530 ἤματα
1106 2434 1240 2526 πάντα,

224 2554 370 2648 Τιτῆνές
395 2584 433 2627 τε
459 2553 543 2628 θεοὶ
568 2552 631 2627 καὶ
656 2555 736 2627 ὅσοι
758 2552 907 2652 Κρόνου
933 2551 1195 2654 ἐκγενόμεσθα·

221 2670 324 2766 ὐμεῖς
351 2669 392 2745 δέ
416 2671 582 2773 μεγάλην
606 2702 645 2746 τε
670 2672 761 2770 βίην
784 2672 847 2746 καὶ
868 2676 995 2769 χεῖρας
1021 2668 1186 2754 ἀάπτους
1250 2754 1252 2759 ,

157 2808 208 2858 ιω
223 2788 370 2887 φαίνετε
400 2788 614 2886 Τιτήνεσσιν
637 2791 806 2867 ἐναντίον
831 2794 872 2865 ἐν
893 2790 961 2865 δαῒ
984 2797 1111 2891 λυγρῇ,

219 2902 447 3000 μνησάμενοι
473 2906 666 3003 φιλότητος
690 2908 823 3002 ἐνηέος,
849 2908 942 2980 ὅσσα
968 2904 1154 2986 παθόντες

217 3024 252 3102 ἐς
276 3019 372 3119 φάος
399 3019 457 3120 ἀφ
482 3023 675 3121 ἀφίκεσθε,
703 3024 913 3124 δυςηλεγέος
937 3022 1010 3097 ἀπὸ
1036 3023 1190 3118 δεσμοῦ,

218 3137 394 3232 ἡμετέρας
419 3140 481 3210 διὰ
508 3141 649 3234 βουλάς
672 3140 745 3212 ὐπὸ
773 3140 892 3238 ζόφου
916 3140 1114 3238 ἠερόεντος.

249 3253 330 3334 Ὦς
355 3250 469 3350 φάτο,
494 3253 561 3327 τόν
586 3254 626 3328 δ’
647 3259 789 3338 ἐξαῦτις
811 3255 984 3353 ἀμείβετο
1004 3254 1144 3336 Κόττος
1168 3256 1348 3354 ἀμύμων·

159 3387 208 3438 σεε
224 3367 406 3463 δαιμόνι’,
437 3371 506 3444 οὐκ
531 3369 678 3466 ἀδάητα
704 3371 939 3470 πιφαύσκεαι,
966 3371 1058 3445 ἀλλά
1084 3371 1147 3445 καὶ
1173 3373 1281 3451 αὐτοὶ

215 3486 324 3580 ’ίδμεν
350 3488 371 3558 ὅ
395 3517 452 3561 τοι
476 3488 558 3584 περὶ
582 3488 652 3583 μὲν
676 3489 866 3586 πραπίδες,
892 3488 974 3586 περὶ
999 3487 1039 3562 δ’
1067 3488 1143 3563 ἐστὶ
1169 3489 1304 3591 νόημα,

219 3602 355 3699 ἀλκτὴρ
382 3603 421 3676 δ’
449 3603 696 3695 ἀθανάτοισιν
722 3606 812 3703 ἀρῆς
836 3607 938 3706 γένεο
963 3612 1142 3702 κρυεροῖο.

216 3721 386 3820 ἄψορρον
410 3720 450 3795 δ’
478 3724 631 3811 ἐξαῦτις,
658 3721 878 3816 ἀμειλίκτων
903 3723 975 3798 ἀπὸ
1002 3723 1164 3818 δεσμῶν,

221 3845 326 3931 σῇσιν
352 3843 639 3937 ἐπιφροσυνῆσιν
663 3839 735 3915 ὐπὸ
763 3836 881 3938 ζόφου
906 3840 1094 3938 ἠερόεντος

159 3953 424 4052 οωῆλύθομεν,
451 3957 599 4056 Κρόνου
625 3958 680 4032 υἱέ
704 3959 813 4048 άναξ,
841 3958 1027 4035 ἀνάελπτα
1053 3959 1248 4043 παθόντες.

219 4079 274 4168 τῷ
298 4074 360 4147 καί
384 4082 456 4150 νῦν
481 4077 602 4151 ἀτενεῖ
624 4106 663 4149 τε
687 4073 763 4172 νόηι
788 4077 852 4150 καὶ
877 4077 1048 4177 ἐπίφρονι
1073 4081 1192 4176 βουλῇ

220 4188 413 4285 ῥυσόμεθα
439 4191 572 4291 κράτος
598 4194 696 4289 ὑμὸν
721 4199 761 4267 ἐν
787 4199 870 4288 αίνῆ
898 4195 1072 4292 δηιότητι,

218 4305 449 4404 μαρνάμενοι
479 4318 630 4404 Τιτῆσιν
654 4311 726 4386 ἀνά
753 4314 932 4409 κρατεράς
957 4313 1125 4410 ὐσμίνας.

260 4425 329 4507 Ὣς
355 4423 464 4523 φάτ’·
491 4428 676 4524 ἐπῄνησαν
702 4428 743 4504 δέ
767 4432 862 4520 θεοῖ,
890 4432 1051 4528 δωτῆρες
1077 4428 1187 4518 ἐάων,

158 4555 208 4607 σοι
221 4545 351 4634 μῦθον
378 4543 615 4627 ἀκούσαντες·
643 4548 804 4645 πολέμου
830 4548 868 4623 δ’
897 4550 1069 4623 ἐλιλαίετο
1096 4548 1220 4643 θυμὸς

1107 4665 1150 4724 2*
