3030 5084
655 280 866 345 „14-

158 486 209 544 IX.
339 518 343 523 -

235 583 324 652 Ρεῖα
350 579 388 653 δ’
415 580 676 677 ὑποδμηθεῖσα
703 568 837 687 Κρόνῳ
863 584 941 656 τέκε
966 574 1129 683 φαίδιμα
1151 589 1261 666 τέκνα

230 695 362 791 Ἱστίην
387 697 565 801 Δήμητρα
588 697 651 789 καὶ
667 700 789 798 Ἥρην
807 697 1091 799 χρυσοπέδιλον,

169 833 220 883 455
235 813 398 912 λφθιμόν
421 816 458 891 τ’
479 818 618 914 Ἀίδην,
646 819 686 903 ὃς
712 816 789 892 ὐπδ
804 799 1108 919 χθονέδοίματα
1126 825 1219 900 ναίει

231 932 351 1028 νηλεὲς
376 931 465 1034 ῆτορ
492 938 601 1032 ἔχων,
625 936 689 1010 καὶ
713 936 908 1034 ἐρίκτυπον
928 938 1193 1044 Ἐννοσίγαιον,

232 1050 338 1146 Ζῆνά
362 1083 401 1127 τε
423 1053 636 1150 μητιόεντα,
659 1058 764 1131 θεῶν
787 1056 916 1155 πατέρ’
942 1057 1008 1154 ῆδέ
1032 1061 1095 1132 καὶ
1112 1062 1285 1162 ἀνδρῶν,

230 1177 298 1242 τοῦ
322 1171 385 1245 καὶ
409 1172 481 1247 ὐπδ
507 1172 916 1271 βροντῆςπελεμίζεται
942 1175 1064 1275 εὐρεῖα
1086 1177 1210 1273 χθιόν.

231 1288 406 1372 καὶτοὺς
428 1288 498 1385 μέν
521 1290 689 1365 κατέπινε
713 1288 856 1390 Κρόνος
879 1292 1008 1396 μέγας,
1036 1295 1129 1379 ὅςτις
1151 1298 1303 1381 ἕκαστος

169 1425 220 1477 460
233 1407 371 1503 νηδύος
396 1410 434 1491 ἐξ
457 1409 553 1505 ἱερῆς
576 1408 715 1506 μητρὸς
737 1409 829 1506 πρὸς
852 1409 1017 1511 γούναθ’
1042 1416 1171 1504 ἵκοιτο,

229 1524 276 1599 τά
291 1527 558 1625 φρονέωνῖνα
583 1522 636 1621 μή
660 1553 714 1609 τις
740 1527 895 1628 ἀγαυῶν
922 1528 1174 1628 Οὐρανιώνων

227 1639 401 1728 ἀλλοςέν
426 1641 675 1720 ἀθανάτοισιν
700 1647 776 1740 ἐχυι
799 1647 1001 1745 βασιληίδα
1021 1648 1148 1744 τιμήν.

228 1762 390 1840 πεύθετο
415 1764 489 1866 γάρ
514 1762 628 1858 Γαίης
651 1792 691 1836 τε
714 1762 777 1836 καὶ
805 1764 980 1862 Οὐρανοῦ
1005 1762 1253 1862 ἀστερόεντος,

228 1880 362 1956 οὕνεκά
387 1885 422 1954 οἱ
446 1883 614 1980 πέπρωτο
642 1883 690 1979 ἑῷ
717 1881 789 1956 ὐπὸ
805 1868 921 1959 ’παιδὶ
947 1883 1125 1980 δαμῆναι,
1235 1949 1237 1953 ⁴

167 2017 217 2069 τοο
230 2000 293 2081 καὶ
317 2008 483 2099 κρατερῷ
507 2029 574 2098 περ
601 1999 713 2076 ἐόντι·
738 2014 819 2087 Διὸς
836 2012 971 2096 μεγάλου
992 2014 1043 2075 διὰ
1064 2014 1192 2102 βουλὰς·

229 2120 274 2200 τῷ
294 2109 343 2196 ὅγε
365 2113 421 2177 οὐκ
441 2104 651 2197 ἀλαοσκοπιὴν
670 2116 744 2196 ἔχεν,
766 2114 850 2191 ἀλλὰ·
867 2112 1001 2177 δοκεύων

232 2226 348 2297 παῖδας
367 2225 437 2298 ἰούς
456 2229 605 2289 κατέπινε·
628 2212 730 2307 Ῥέην
755 2211 793 2286 δ’
822 2213 878 2306 ἔχε
903 2212 1043 2293 πένθος
1070 2212 1240 2287 ἄλαστον.

230 2328 312 2401 ἀλλ’
338 2330 398 2404 ὅτε
424 2330 558 2426 δῆΔί
586 2333 707 2427 ἐμελλε
732 2330 988 2426 θεῶν.πατέρ’
1013 2328 1079 2425 ῆδέ
1102 2328 1341 2428 καὶάνδρῶν

227 2449 411 2541 τέξεσθαι,
437 2446 517 2527 τότ’
540 2450 667 2522 ’ἔπειτα
692 2449 823 2548 φίλους
849 2446 1013 2524 λιτάνευε
1037 2454 1171 2543 τοκῆας

167 2584 218 2636 ιω
231 2566 318 2650 τούς
344 2567 470 2662 αὐτῆς,
497 2565 620 2642 Γαῖάν
642 2595 682 2641 τε
705 2566 769 2640 καὶ
796 2566 969 2664 Οὐρανόν
994 2564 1227 2665 ἀστερόεντα,

227 2693 339 2780 μῆτιν
364 2683 700 2782 συμφράσσασθαι,
726 2686 825 2766 ὅπως
852 2683 1045 2759 λελάθοιτο
1059 2685 1227 2757 ’τεκοῦσα

227 2802 344 2877 παῖδα
371 2803 495 2903 φίλον,
520 2804 662 2906 τίσαιτο
687 2803 725 2878 δ’
750 2792 873 2901 7ἐρινῦς
898 2802 1037 2901 πατρὸς
1062 2800 1147 2876 ἑοῖο.

110 2981 119 2994 ,
227 2919 348 2979 παίδων
368 2914 422 2990 οὐς
441 2917 580 2980 κατέπινε
598 2920 694 3000 μέγας
713 2919 834 2996 Κρόνος
853 2915 1075 3001 ἀγκυλομήτης.

228 3017 264 3088 οἱ
289 3014 330 3088 δέ
355 3012 519 3113 θυγατρὶ
545 3011 633 3108 φίλη
657 3010 759 3106 μάλα
784 3012 855 3107 μὲν
875 3011 989 3086 κλύον
1008 3008 1072 3105 ἠδ’
1100 3009 1291 3099 ἐπίθοντο,

166 3151 216 3202 475
229 3131 293 3205 καί
318 3132 353 3204 οἱ
378 3128 611 3228 πεφραδέτην
637 3130 773 3228 ὅσαπερ
799 3130 969 3226 πέπρωτο
993 3128 1168 3229 γενέσθαι

227 3249 326 3348 ἀμφὶ
349 3246 484 3348 Κρόνῳ
508 3251 658 3345 βασιλῆι
682 3247 745 3320 καὶ
769 3248 840 3321 υἱέι
863 3241 1148 3344 καρτεροθύμῳ.

226 3366 355 3451 πέμψαν
375 3362 403 3424 δ’
426 3360 457 3435 ἐς
474 3354 606 3425 Λύκτον
625 3361 752 3442 Κρήτης
770 3363 801 3433 ἐς
820 3363 910 3423 πίονα
932 3363 1040 3439 δῆμον,

228 3453 340 3520 ὁππότ’
362 3453 416 3532 ἀρ’
438 3451 610 3517 ὁπλότατον
629 3455 749 3513 παίδων
764 3448 873 3531 ῆμελλε
893 3451 1049 3522 τέκεσθαι,

228 3555 317 3630 Ζῆνα
336 3545 521 3628 μέγανῄτδν
540 3543 596 3624 μέν
616 3542 645 3606 οἱ
664 3542 788 3616 ἐδέξατο
809 3546 840 3605 Γ
837 3552 891 3604 οἵα
910 3544 1031 3622 πελώρη

131 3705 133 3710 ,
164 3660 215 3711 480
228 3639 337 3724 Κρήτη
358 3642 390 3704 ἐν
409 3636 507 3721 εὐρείῃ
527 3635 683 3718 τραφέμεν
701 3633 935 3714 ἀτιταλλέμεναί
951 3658 993 3696 τε.

228 3743 322 3815 ἔνθα
342 3763 413 3837 μιν
435 3730 709 3832 ἷκτοφέρουσα
735 3731 834 3827 θοήν
859 3729 921 3804 διὰ
943 3728 1061 3805 νύκτα
1081 3733 1258 3829 μέλαιναν

226 3853 377 3953 πριότην
402 3855 437 3934 ἐς
461 3836 627 3926 Λύκτον·
651 3847 794 3948 κρύψεν
817 3838 864 3924 δέ
886 3851 904 3922 ἐ
925 3849 1031 3947 χερσὶ
1057 3853 1226 3949 λαβοῦσα

228 3976 352 4070 ἄντρῳ
378 3975 418 4044 ἐν
441 3968 605 4067 ἠλιβάτῳ
632 3970 767 4064 ζαθέης
792 3966 863 4043 ὐπὸ
889 3964 1040 4043 κεύθεσι
1063 3968 1183 4070 γαίης,

228 4089 377 4194 Αἰγαίῳ.
400 4092 440 4162 ἐν
465 4088 540 4186 όρει
565 4088 832 4184 πεπυκασμένῳ
859 4083 1015 4180 ὐλήεντι.

165 4235 215 4285 ⁴85
229 4218 282 4308 τῷ
308 4204 349 4281 δέ
375 4206 659 4307 σπαργανίσασα
683 4208 802 4309 μέγαν
826 4204 937 4280 λίθον
961 4201 1172 4306 ἐγγυάλιξεν

229 4323 419 4424 Οὐρανίδῃ
444 4324 528 4426 μέγ’
555 4325 699 4414 ἀνακτι,
726 4327 830 4398 θεῶν
855 4322 1020 4419 προτέρῳ
1046 4310 1205 4419 βασιλῆι.

227 4449 294 4520 τὸν
317 4440 405 4516 τόθ’
434 4441 527 4516 ἑλών
545 4443 728 4541 χείρεσσιν
754 4439 818 4535 ἑήν
843 4438 1045 4540 ἐγκάτθετο
1072 4439 1201 4534 νηδύν,

228 4558 401 4659 σχέτλιος·
430 4560 515 4632 οὐδ’
542 4558 667 4656 ἐνόησε
690 4559 784 4657 μετά
811 4557 943 4655 φρεσὶν
968 4559 1019 4640 άίς
1046 4559 1080 4630 οἱ
1106 4552 1246 4626 ὀπίσσω
