3030 5084
698 219 910 282 -24-

215 405 264 458 τοο
278 393 394 462 κεῖται
420 385 582 486 νήυτμος
608 389 863 483 τετελεσμένον
888 390 937 468 είς
963 386 1151 477 ἐνιαυτὸν,

276 504 472 580 οὐδέποτ’
500 506 707 603 ἀμβροσίης
731 505 794 579 καὶ
818 505 990 603 νέκταρος
1016 507 1157 601 ἔρχεται
1183 502 1301 580 ἆσσον

274 621 450 720 βρώσιος,
478 621 570 698 ἀλλά
595 652 637 726 γε
662 628 778 697 κεῖται
804 620 1055 704 ἀνάπνευστος
1079 622 1142 695 καὶ
1167 622 1331 705 ἄναυδος

277 747 453 835 στρωτοῖς
479 746 518 816 ἐν
542 741 715 835 λεχέεσσι,
741 740 858 816 κακὸν
880 741 905 814 δ
908 741 919 766 ³
947 739 1005 815 ἐπὶ
1027 747 1136 835 κῶμα
1162 737 1347 814 καλύπτει.

278 857 398 955 αὐτὰρ
423 858 514 953 ἐπὴν
537 867 676 934 νοῦσον
702 859 825 952 τελέσῃ
849 860 969 959 μέγαν
995 861 1043 939 εἰς
1068 857 1252 948 ἐνιαυτὸν,
1302 889 1305 894 ⁴

216 992 266 1045 800
281 974 388 1057 ἄλλος
414 974 454 1049 δ’
482 981 522 1061 ἐξ
546 978 659 1052 ἄλλον
685 976 828 1072 δέχεται
850 973 1104 1072 χαλεπώτερος
1129 972 1257 1058 ἆθλος.

278 1090 433 1174 είνάετες
458 1091 499 1166 δέ
525 1097 630 1170 θεῶν
654 1096 891 1193 ἀπομείρεται
917 1094 998 1169 αίέν
1023 1089 1174 1181 ἐόντων,

278 1205 353 1268 οῦδέ
369 1207 442 1269 ποτ’
463 1209 494 1279 ἐς
511 1209 628 1288 βουλὴν
647 1209 836 1288 ἐπιμίσγεται
857 1208 926 1271 οὐδ’
949 1210 997 1271 ἐπὶ
1018 1209 1136 1278 δαῖτας,

278 1302 382 1378 ἐννέα
408 1300 519 1378 πάντ’
548 1307 646 1379 ἔτεα·
675 1301 817 1402 δεκάτῳ
841 1305 878 1380 δ’
907 1303 1135 1404 ἐπιμίσγεται
1161 1298 1265 1383 αὖτις

279 1420 393 1514 είρέας
418 1420 628 1497 ἀθανάτων
654 1426 689 1495 οἳ
711 1422 895 1518 Ὀλύμπια
922 1421 1071 1518 δώματ’
1100 1424 1234 1515 ἔχουσι.

216 1554 266 1608 805
279 1544 383 1613 τοῖον
408 1539 471 1636 ἄρ’
499 1540 612 1637 ὅρκον
636 1541 766 1616 ἔθεντο
792 1540 877 1613 θεοὶ
900 1540 1049 1643 Στυγὸς
1075 1537 1242 1636 ἄφθιτον
1266 1536 1386 1632 ὕδωρ,

204 1731 206 1735 .
280 1653 457 1757 ὠγύγιον,
483 1655 526 1730 τό
551 1658 595 1730 θ’
623 1661 700 1750 ἵησι
724 1659 1006 1754 καταστυφέλου
1033 1655 1095 1730 διά
1118 1653 1258 1753 χώρου.

706 1933 905 1941 *—

202 2063 281 2125 XIII.

141 2166 143 2170 ’
215 2177 266 2231 820
279 2157 410 2254 Αύτάρ
437 2159 512 2231 ἐπεὶ
542 2164 697 2254 Τιτῆνας
721 2161 788 2233 ἀπ’
816 2159 981 2255 ούρανοῦ
1005 2159 1146 2242 ἐξέλασε
1173 2161 1281 2248 Ζεύς,

279 2273 485 2350 ὁπλότατον
507 2278 585 2350 τέκε
610 2278 728 2352 παῖδα
759 2277 918 2375 Τυφωέα
945 2282 1042 2350 Γαΐα
1068 2274 1211 2374 πελώρη

282 2391 480 2492 Ταρτάρου
505 2399 546 2470 ἐν
570 2396 737 2495 φιλότητι
762 2396 825 2470 διά
848 2394 1009 2494 χρυσέην
1028 2393 1257 2491 Ἀφροδίτην.

278 2506 324 2586 οὗ
344 2518 462 2609 χεῖρες
486 2513 556 2610 μέν
582 2518 684 2591 ἔασιν
709 2515 768 2588 ἐπ’
797 2513 897 2610 ἰσχύι
922 2512 1075 2613 ἔργματ’
1103 2513 1267 2607 ἔχουσαι,

277 2629 340 2704 καὶ
365 2629 474 2715 πόδες
501 2629 685 2728 ἀκάματοι
710 2641 891 2729 κρατεροῦ
915 2636 1027 2703 θεοῦ·
1055 2635 1094 2702 ἐκ
1119 2629 1165 2701 δέ
1186 2632 1221 2702 σί
1245 2630 1363 2723 ώμων

216 2764 266 2817 825
280 2742 326 2842 ἦν
351 2748 482 2821 ἑκατὸν
505 2748 663 2847 κεφαλαὶ
687 2750 806 2847 ὄφιος,
834 2749 968 2823 δεινοῖο
995 2744 1211 2843 δράκοντος,

273 2862 460 2966 γλώσσῃσι
484 2867 689 2965 δνοφερῇσι
716 2863 951 2962 λελειχμότες,
979 2868 1018 2938 ἐκ
1044 2863 1089 2937 δέ
1111 2865 1146 2937 οἱ
1172 2865 1296 2941 ὄσσων

276 2984 472 3077 θεσπεσίῃς
497 2993 697 3083 κεφαλῇσιν
720 2985 787 3058 ἀπ’
813 2983 950 3082 ὀφρύσι
974 2988 1048 3077 πῦρ
1075 2979 1278 3077 ἀμάρυσσε.

278 3096 402 3158 πασέων
423 3096 454 3157 δ’
476 3099 509 3160 ἐκ
528 3099 688 3182 κεφαλέων
706 3103 768 3178 πῦρ
789 3101 890 3161 καίετο
911 3097 1115 3176 δερκομένοιο.

276 3192 401 3290 φωναὶ
427 3193 464 3267 δ’
492 3197 532 3269 ἐν
557 3192 716 3288 πάσῃσιν
741 3198 830 3270 ἔσαν
855 3195 975 3286 δεινῇς
998 3199 1177 3289 κεφαλῇσι

216 3328 268 3380 830
281 3312 460 3406 παντοίην
486 3312 550 3408 ἔφ’
579 3315 687 3385 ἱεῖσαι
713 3314 950 3410 ἀθέσφατον·
978 3311 1105 3382 ἄλλοτε
1129 3310 1298 3406 μὲνγὰρ

279 3427 495 3527 φθέγγονθ’
523 3427 612 3506 ώςτε
639 3431 758 3497 θεοῖσι
785 3430 968 3521 συνιέμεν,
996 3425 1123 3496 ἄλλοτε
1149 3424 1188 3497 δ’
1217 3421 1306 3499 αὖτε

276 3540 420 3641 ταύρου
442 3540 660 3640 ἐριβρύχεω,
684 3544 793 3639 μένος
818 3543 990 3637 ἀσχέτου,
1017 3541 1134 3616 ὄσσαν
1160 3542 1341 3644 ἀγαύρου,

273 3660 402 3734 ἄλλοτε
428 3662 453 3736 δ
458 3661 469 3687 ³
495 3658 583 3735 αὖτε
610 3662 753 3744 λέοντος
777 3661 930 3737 ἀναιδέα
955 3660 1085 3756 θυμὸν
1110 3663 1271 3754 ἔχοντος,

276 3780 404 3853 ἄλλοτε
430 3780 471 3854 δ’
499 3777 548 3854 αὖ
574 3779 814 3855 σκυλάκεσσιν
839 3777 994 3869 ἐοικότα,
1020 3776 1193 3871 θαύματ’
1221 3777 1393 3872 ἀκοῦσαι,

213 3914 264 3967 835
279 3896 406 3971 ἄλλοτε
433 3897 470 3971 δ’
496 3896 546 3973 αὗ
573 3899 748 3994 ῥοίζεσχ’,
773 3898 845 3972 ἀπὸ
871 3897 908 3970 δ’
935 3896 1051 3991 ἤχεεν
1066 3895 1178 3993 οᾶρεα
1203 3895 1338 3994 μακρά.

273 4014 338 4088 καί
362 4013 411 4090 νύ
434 4045 498 4092 κεν
522 4020 646 4091 ἔπλετο
674 4020 782 4117 ἔργον
808 4013 1002 4112 ἀμήχανον
1025 4014 1140 4110 ἤματι
1163 4013 1287 4113 κείνῳ,

273 4133 338 4207 καί
360 4160 423 4208 κεν
449 4135 511 4236 ὅγε
536 4140 709 4230 θνητοῖσι
734 4133 797 4207 καὶ
823 4132 1071 4208 ἀθανάτοισιν
1097 4132 1242 4224 ἄναξεν,

272 4254 304 4322 εἰ
327 4250 380 4347 μὴ
407 4253 471 4351 ἄρ’
499 4253 565 4338 ὀξύ
589 4254 697 4349 νόησε
723 4252 844 4349 πατὴρ
872 4251 1023 4349 ἀνδρῶν
1046 4278 1085 4322 τε
1105 4254 1209 4324 θεῶν
1233 4277 1290 4324 τε·

276 4369 434 4466 σκληρὸν
462 4370 502 4444 δ’
529 4369 728 4469 ἐβρόντησε
753 4369 816 4444 καὶ
842 4369 1045 4465 ὄμβριμον,
1073 4368 1172 4466 ἀμφὶ
1198 4367 1238 4442 δέ
1262 4374 1352 4469 γαῖα

209 4505 260 4557 840
275 4485 499 4584 σμερδαλέον
522 4487 707 4587 κονάβησε
731 4487 795 4562 καὶ
820 4487 977 4585 οὐρανὸς
1002 4487 1111 4585 εὐρὺς
1137 4486 1313 4582 ὕπερθεν,
