3030 5084
370 1397 704 1478 ARGVNENTVN
733 1397 1050 1473 unnoaoulnu.

186 1744 209 1802 Ι.
249 1743 372 1804 1-115.
450 1735 629 1796 Prooemium
670 1737 817 1798 continens
841 1736 961 1797 Hesiodi
991 1737 1127 1814 hymnum
1158 1737 1188 1793 in
1212 1736 1312 1792 Musas

109 1834 163 1912 (vs.
187 1839 274 1896 1-4
298 1835 424 1895 22-35
448 1830 573 1892 36—51
601 1831 726 1891 68-74
752 1831 887 1891 81-93.
916 1830 983 1907 104)
1009 1849 1073 1888 cum
1103 1828 1160 1888 alio
1185 1827 1311 1888 eiusdem

110 1928 269 2005 argumenti
289 1927 412 1985 carmine
432 1924 515 2001 (val
536 1926 554 1982 2
574 1924 667 1983 5-21
688 1923 803 1983 53—64
821 1924 936 1984 75-80
954 1922 1099 1999 94—103)
1119 1921 1313 1994 coniunctum,

109 2019 189 2096 quod
202 2018 318 2076 alternis
329 2016 456 2075 versibus
475 2017 528 2075 sub
548 2015 652 2074 aemuli
670 2033 802 2092 persono,
822 2015 959 2074 Chalcide
977 2016 1013 2075 ab
1026 2015 1154 2074 Hesiodo
1168 2014 1312 2095 quondam

109 2110 176 2169 victi
192 2101 290 2187 (Ἔργ.
300 2107 379 2185 655),
395 2107 538 2168 addidisse
551 2108 662 2167 videtur
675 2108 783 2185 primus
796 2108 980 2185 Theogoniae
994 2108 1173 2185 compositor.
1195 2106 1314 2166 Accedit

110 2202 237 2262 eiusdem
257 2221 343 2260 manu
362 2201 531 2261 concinnata
551 2201 681 2261 transitio
701 2201 739 2260 ad
758 2201 848 2278 ipsam
869 2200 1065 2278 Theogoniam
1086 2199 1274 2278 (105-115).

186 2296 224 2354 Π.
266 2297 427 2355 116-210.
467 2295 602 2372 Sequitur
621 2313 733 2353 carmen
745 2293 920 2354 Hesiodeum
940 2293 976 2352 de
988 2294 1098 2372 origine
1110 2292 1210 2352 mundi
1229 2301 1314 2370 atque

109 2389 275 2462 numinum,
300 2388 395 2448 Chaos
423 2396 451 2447 et
471 2389 604 2463 Terram,
628 2388 751 2447 Erebum
777 2395 862 2464 atque
886 2387 1021 2461 Noctem,
1046 2386 1128 2446 Coeli
1152 2387 1315 2462 Terraeque

110 2479 290 2558 progeniem,
311 2480 428 2539 Titanes
453 2481 589 2557 maxime,
616 2480 740 2558 denique
759 2479 873 2538 Saturni
894 2479 1056 2556 Terraeque
1075 2487 1174 2539 contra
1193 2479 1312 2538 Ocelum

112 2570 230 2632 consilia
254 2571 392 2648 Coelique
416 2574 612 2633 castrationem
640 2573 809 2632 describens.
850 2571 979 2631 Alienam
1004 2571 1052 2630 hic
1078 2591 1193 2630 manum
1217 2570 1315 2648 prodit

110 2685 168 2724 non
188 2665 279 2725 solum
295 2664 420 2725 narratio
441 2665 477 2725 de
496 2666 604 2744 origine
616 2664 734 2725 Veneris
747 2663 936 2742 (las-206),
955 2663 1103 2723 sedetiam
1118 2662 1313 2723 versatissimus

109 2767 203 2819 vetere
223 2759 443 2837 interpolatione
461 2760 542 2818 locus
562 2758 599 2817 de
618 2758 791 2837 Cyclopibus
812 2765 840 2816 et
857 2757 1076 2815 Hecatonchiris
1096 2755 1284 2834 (139-153).

185 2852 238 2910 ΠΙ.
278 2853 441 2913 211-232.
481 2852 617 2926 Sequitur
628 2851 729 2907 Noctis
748 2849 907 2926 progenies,
926 2848 1074 2926 multiplex
1094 2856 1122 2908 et
1136 2867 1313 2923 aerumnosa,

111 2961 184 3019 quae
203 2944 317 3020 quidem
341 2942 465 3002 narratio
490 2961 548 3001 non
571 2943 662 3002 solum
685 2940 854 3020 interpolata
875 2959 945 3016 esse,
965 2940 1015 3000 sed
1035 2940 1118 3001 etiam
1143 2940 1311 3001 deteriorem

111 3042 231 3093 aetatem
251 3036 372 3112 prodere
391 3035 462 3094 mihi
481 3035 601 3095 videtur.

187 3124 237 3178 IV.
257 3125 292 3176 V.
332 3127 493 3182 233-336.
533 3129 668 3201 Sequitur
692 3131 778 3187 Ponti
802 3129 919 3206 eiusque
944 3128 1111 3204 liberorum,
1142 3130 1227 3190 Nerei
1252 3131 1313 3209 (IV.

112 3210 278 3288 aaa-264)
299 3211 488 3272 Thaumantis
508 3214 686 3296 (naa-269)
706 3228 791 3297 atquc
810 3219 968 3298 Phorcynis
987 3221 1033 3296 (V.
1054 3222 1229 3300 270-336),
1247 3242 1314 3300 pro·

109 3303 215 3379 geuies.
254 3304 375 3363 Excellit
393 3305 424 3365 in
442 3306 498 3366 hac
517 3309 642 3370 sectione
661 3310 817 3371 Nereidum
843 3312 1001 3391 catalogus,
1021 3312 1204 3375 Homericum
1223 3336 1313 3394 genrn

111 3395 224 3455 dicendi
243 3397 354 3474 spirans
368 3399 562 3480 (am—maa
583 3402 693 3464 fabulas
713 3410 807 3464 autem
823 3403 860 3463 ad
872 3424 963 3481 genus
976 3406 1134 3488 Phorcynis
1153 3416 1312 3486 spectantes

111 3485 177 3545 inde
203 3505 326 3544 aversa
352 3493 408 3548 276
433 3511 450 3548 a
474 3495 566 3568 primo
594 3497 783 3574 compositore
810 3496 993 3573 Theogoniae
1021 3499 1132 3560 additas
1159 3521 1251 3580 neque
1276 3503 1311 3562 ab

110 3577 377 3657 interpolationibus
397 3581 518 3656 posteris
536 3584 639 3642 liberas
659 3607 721 3646 esse
741 3595 866 3665 apparet.

187 3672 236 3730 VI.
256 3672 320 3731 VH.
350 3673 510 3734 337—413.
542 3673 676 3735 Titanum
693 3677 914 3756 Titanidumque
927 3680 1043 3740 nomina
1056 3689 1140 3759 atque
1153 3688 1312 3763 progenies,

111 3762 248 3839 incipiens
277 3765 313 3822 ab
334 3765 443 3824 Oceani
468 3765 572 3826 liberis.
612 3771 690 3829 Inest
713 3769 876 3830 Fluminum
902 3771 1137 3852 Oceanidumque
1167 3780 1312 3858 catalogus

112 3855 173 3930 (Vl.
193 3857 374 3935 337-370),
399 3859 449 3936 qui
474 3859 621 3921 deterioris
646 3864 746 3922 aetatis
772 3882 846 3938 esse,
871 3865 1053 3942 narratioque
1073 3866 1109 3926 de
1129 3867 1214 3946 Styge
1235 3871 1311 3948 (Vll.

112 3947 286 4024 aaa-403),
310 3968 392 4026 quae,
418 3971 579 4030 quanquam
599 3955 716 4032 antiqua
734 3956 815 4033 poesi
836 3956 958 4033 dignior,
978 3978 995 4017 a
1014 3959 1205 4036 compilatoris
1225 3983 1311 4024 manu

112 4045 140 4093 et
157 4035 221 4112 ipsa
238 4039 365 4113 profecta
385 4062 446 4103 esse
465 4045 584 4102 videtur.

186 4129 265 4186 VIII·
303 4135 464 4198 411-452.
503 4137 636 4213 Hymnus
654 4140 684 4197 iu
695 4142 824 4200 Hecaten
843 4141 891 4199 hic
909 4141 1042 4213 insertus,
1057 4141 1233 4204 Onomacriti
1253 4148 1311 4208 sive

111 4220 237 4298 aequalis
255 4220 311 4296 ipsi
329 4235 428 4298 poetae
448 4249 562 4288 manum
581 4230 721 4308 prodens,
741 4234 855 4293 alteruis
874 4231 1002 4291 versibus
1023 4232 1193 4296 subornatus
1213 4246 1256 4297 est
1275 4259 1310 4299 ex

111 4315 199 4373 altera
217 4313 380 4373 recensione
396 4321 540 4393 profectis.
590 4361 592 4364 <

187 4407 237 4465 IX.
277 4408 437 4469 453-506.
477 4415 609 4474 Narratio
635 4417 670 4475 de
690 4419 812 4478 Saturno
839 4427 924 4497 atque
943 4418 1024 4478 Rhea
1051 4428 1192 4500 partuque
1215 4423 1310 4495 Jovis;

111 4497 220 4556 anneis
234 4507 277 4559 cst
295 4500 331 4559 ab
350 4500 406 4560 alia
426 4521 511 4562 manu
531 4507 708 4586 (aul-506)
728 4512 858 4572 liberatio
879 4513 1045 4590 Cyclopum.
