3030 5084
664 250 878 315 ..10-

241 412 570 492 πεντηκοντακάρηνον,
588 411 716 483 άναιδέα
735 439 767 478 τε
787 411 936 495 κρατερόν
954 436 996 475 τε·

242 507 281 572 τὸ
302 505 413 595 τρίτον
427 505 551 594 Ὕδρην
571 499 666 588 αὖτις
685 507 833 593 ε’γείνατο
857 504 949 599 λύγρ’
973 506 1109 590 ελδυῖαν,

240 606 421 695 Λερναίην,
442 600 484 696 ἣν
503 610 618 701 θρέψε
638 609 707 676 θεολ
730 607 932 691 λευκώλενος
944 602 1044 700 Ἥρη,

179 725 230 778 315
242 702 392 798 άπλητον
412 711 574 780 κοτέουσα
594 714 654 802 βίῃ
671 709 887 839 Ἡρακληείη.

222 812 299 877 καί
319 837 379 899 την
398 813 460 896 μέν
482 812 622 895 ΔιδςὟ
580 815 663 939 -ριὸς
684 811 823 903 ἐνήρατο
845 811 941 904 νήλεῖ
958 815 1073 903 χαλκῶ-

237 906 610 1033 Ἀμφιτρυωνιάδης
571 942 631 985 συν
652 912 822 1006 άρηιφίληι
839 912 956 1004 Ἰολάῳ

237 1005 423 1138 Ἡρρικλέης
442 1019 604 1109 βουλῇσιν
622 1014 804 1107 Ἀθηναίης
825 1015 988 1107 ἀγελείης.

308 1112 359 1183 Ἡ
377 1119 415 1186 δε
437 1117 650 1209 Χίμαιραν
630 1145 736 1189 ετικτε
757 1115 966 1192 πνέουσαν’
947 1113 1175 1240 αμαιμάκετον
1198 1120 1274 1206 πῦρ,

178 1234 230 1286 320
243 1214 356 1306 δεινήν
375 1246 412 1288 τε
433 1219 580 1311 μεγάλην
599 1249 645 1306 τε,
667 1219 826 1293 ποδώκεά
847 1247 884 1292 τε
906 1215 1071 1311 κρατερήν·
1085 1244 1134 1286 τε.

240 1323 300 1408 τῆς
322 1316 356 1387 δ’
379 1314 420 1408 ἦν,
439 1330 527 1412 τρεῖς
547 1324 707 1415 κεφαλαί,
728 1323 791 1410 μία
810 1328 872 1412 μέν
890 1326 1056 1413 χαροποῖο
1070 1321 1227 1406 λέοντος,

238 1416 258 1508 ἡ
284 1422 323 1490 δέ
342 1422 550 1516 χιμαίρης,ἦ
575 1424 610 1496 δ’
634 1421 745 1518 ῦφιος,
768 1433 940 1517 κρατεροῖο
963 1421 1179 1515 δράκοντος·’”

236 1518 357 1600 πρόσθε
378 1523 463 1597 λέων,
482 1521 595 1589 όνιιθεν
615 1529 649 1590 δέ
664 1525 797 1608 δράκων,
817 1527 918 1606 μέσση
939 1525 974 1585 δέ
990 1524 1134 1603 χίμαιρα,

238 1613 336 1676 δεινὸν
355 1613 566 1682 ἀποπνείουσα
585 1621 683 1701 πυρὸς
700 1619 791 1698 μένος
812 1619 1006 1697 αἰθομένοιο·

174 1728 225 1779 320
237 1734 295 1797 την
316 1735 378 1793 μεν
398 1709 559 1838 Πηγασος
580 1708 650 1784 εἷλε
672 1741 730 1783 και
720 1713 877 1792 έσθλός
898 1704 1181 1799 Βελλεροφόντης.

302 1807 451 1882 ‘'''116
427 1843 495 1905 αρα
520 1813 596 1884 Φῖκ’
622 1813 725 1906 όλοην
745 1816 829 1896 τέκε,
851 1810 1077 1896 Καδμείοισιν
1098 1805 1251 1900 όλεθρον,

227 1907 348 2040 Ὀρθιρ
370 1908 620 2006 ὑποδμηθεῖσα,
643 1915 829 2002 Νεμειαῖόν
849 1941 887 1984 τε
909 1916 1037 1994 λέοντα,

234 2011 348 2104 τόνδ’
363 2015 453 2109 Ἥρη
474 2021 661 2114 θρέψασα,
673 2022 761 2102 Διὸς
780 2017 882 2107 κυδρὴ
906 2012 1122 2117 παράκοιτις,

235 2125 402 2204 γουνοῖσιν
422 2124 604 2191 κατένασσε
625 2122 781 2212 Νεμείης,
804 2127 876 2210 πῆμ
881 2112 1125 2209 ἀνθρώποις·
1189 2182 1192 2187 -

173 2215 349 2291 6063*
335 2215 391 2310 ἄρ’
418 2221 472 2310 ὅγ’
497 2224 628 2294 οἰκείων
649 2224 845 2317 ἐλεφαίρετο
869 2218 950 2314 φῦλ’
975 2217 1177 2307 ἀνθρώπων,

235 2324 416 2412 κοιρανέων
442 2333 582 2415 Τρητοῖο
605 2327 752 2417 Νεμείης
774 2323 830 2417 ηδ’
849 2324 1070 2402 Ἀπέσαντος·
1106 2368 1108 2372 -

236 2422 323 2494 άλλά
345 2423 363 2493 έ
383 2424 417 2508 λς
438 2426 609 2514 ἐδάμασσε
630 2424 953 2521 βίηςἩρακληείης.
1029 2451 1032 2457 ·

302 2529 403 2616 Κητιδ
427 2527 462 2597 δ’
488 2528 678 2601 ὁπλότατον
703 2532 830 2623 φόρκυι
851 2525 1008 2621 φιλότητι
1028 2530 1163 2612 μιγεῖσα

233 2627 363 2716 γείνατο
386 2632 496 2702 δεινὸν
519 2627 609 2720 ῦφιν,
633 2629 672 2716 ὃς
693 2635 829 2726 ἐρεμνῆς
850 2629 991 2702 κεύθεσι
1012 2626 1109 2721 γαίης
1169 2651 1172 2657 ’
1297 2649 1302 2655 ’

170 2754 220 2805 335
232 2732 389 2820 πείρασιν
411 2735 445 2802 έν
466 2731 626 2824 μεγάλοις
647 2735 840 2827 παγχρύσεα
861 2736 953 2825 μῆλα
974 2728 1151 2822 φυλάσσει.

231 2839 331 2902 τοῦτο
352 2836 413 2921 μέν
434 2835 470 2906 ἐκ
491 2840 625 2925 Κητοῦς
645 2839 703 2906 καί
727 2837 895 2929 Φόρκυνος
916 2836 1011 2926 γένος
1032 2831 1113 2903 ἐστί.

659 3016 857 3027 -..--

154 3080 202 3137 VI·
234 3170 362 3265 Τηθυς
388 3171 426 3247 δ
450 3173 616 3270 Ὠκεανοῦ
642 3170 852 3272 Ποταμοὺς
872 3169 951 3243 τέκε
977 3166 1184 3275 δινήεντας

227 3287 358 3367 Νεῖλόν
381 3321 403 3364 τ
410 3289 608 3391 ’Ἀλφειόν
633 3321 672 3366 τε
697 3289 760 3366 καὶ
780 3288 984 3434 Ηριδανὸν
1003 3288 1234 3403 βαθυδίνην,

229 3408 437 3506 Στρυμόνα
464 3409 697 3554 Μαιανδρόν
711 3440 756 3483 τε
780 3408 844 3482 καὶ
861 3406 1005 3519 Ἴστρον
1028 3396 1306 3504 καλλιρέεθρον,

166 3547 217 3598 340
233 3527 360 3602 Φᾶσίν
385 3557 424 3600 τε
446 3524 638 3623 Ῥῆσόν
601 3560 623 3601 τ
640 3524 866 3623 ,Ἀχελώϊον
891 3513 1142 3627 άργυροδίνην

228 3646 374 3722 Νέσσον
397 3676 448 3738 τε,
470 3644 614 3721 Ῥόδιόν
637 3646 682 3720 θ’
701 3642 924 3742 Ἁλιάκμονά
949 3644 994 3717 θ’
1016 3639 1246 3738 Επτάπορόν
1269 3675 1319 3736 τε,

227 3763 411 3862 Γρηνικόν
434 3795 474 3839 τε
500 3748 563 3841 καὶ
582 3769 753 3860 Αἴσηπον
774 3763 883 3838 θεῖόν
905 3790 944 3870 τε
971 3762 1181 3855 Σιμοῦντα,

224 3880 390 3979 Πηνειόν
414 3914 454 3958 τε
477 3885 541 3960 καὶ
555 3883 701 3982 Ἕρμου.
722 3879 912 3977 ἐϋρρείτην
937 3904 976 3951 τε
1003 3873 1194 3964 Κάϊκον,’“

226 3999 448 4104 Σαγγάριόν
470 4033 509 4079 τε
533 4003 664 4104 μέγαν,
690 3996 862 4100 Λάδωνά
886 4027 926 4074 τε
952 3984 1171 4093 Παρθένιόν
1186 4027 1246 4090 τε,

164 4120 369 4218 ειεΕδηνόν
391 4151 430 4200 τε
454 4121 518 4196 καὶ
534 4121 736 4219 Ἄρδησκον
753 4115 869 4194 ,θεῖόν
893 4147 936 4191 τε.
957 4112 1224 4213 Σκάμανδρον.

280 4293 386 4367 Τίκτε
411 4291 452 4367 δὲ
477 4292 700 4395 θυγατέρων
725 4290 825 4390 ἱερὸν
848 4289 964 4392 γένος,
987 4289 1027 4361 αἳ
1050 4285 1145 4368 κατά
1169 4294 1283 4390 γαῖαν

223 4412 364 4511 ἄνδρας
388 4412 599 4513 κουρίζουσι
615 4409 696 4486 ’σῦν
713 4406 912 4485 Ἀπόλλωνι
937 4407 1066 4491 ἄνακτι

225 4530 287 4605 καὶ
313 4536 517 4627 Ποταμοῖς,
545 4527 685 4626 ταύτην
710 4527 750 4605 δέ
778 4528 865 4613 Διὸς
888 4524 990 4626 πάρα
1007 4534 1152 4625 ,μοῖραν
1177 4527 1331 4619 ἔχουσα,
