3030 5084
728 278 989 383 U-se-

281 444 469 507 Ruhnkenius
494 449 653 508 coniecerat
677 447 873 508 ἐπινίσσεται.
952 453 1009 510 804
1035 447 1134 526 ελρέας
1161 448 1245 507 codd.
1272 380 1436 529 0111an
1448 451 1487 512 ito

281 539 318 598 G.
338 541 372 598 L.
392 536 487 619 εἶ’ραις
513 542 629 602 Ruhnk.
650 543 738 602 Wolf.
758 542 846 602 Dind.
872 533 956 619 εἶρας
980 539 1011 610 ές
1036 542 1110 600 coni.
1136 542 1235 600 Herm.
1315 546 1372 604 806
1392 536 1427 602 τά
1447 541 1486 604 θ’

277 626 343 707 ἵησι
364 633 451 692 Dind.
472 636 507 695 G.
526 637 560 694 L.
580 655 633 713 pro
652 637 767 712 vulgato
788 629 868 694 τύδ’.
928 631 1008 693 κατά
1029 636 1184 715 στυφελοῦ
1200 635 1265 695 Per.
1280 636 1375 714 Etym.
1388 639 1431 696 M.
1452 639 1487 698 cl.

281 720 367 783 Hom.
388 727 426 784 H.
446 729 535 788 Merc.
556 732 621 789 124.

357 849 437 909 ΧΙΠ.
477 855 641 913 820-880.
681 850 720 909 Ut
744 849 877 909 insititios
904 872 939 911 ex
963 852 1052 911 ultera
1075 851 1240 910 recensione
1266 872 1362 912 versus
1382 854 1414 912 in
1433 856 1489 914 hnc

282 942 408 1001 sectione
427 945 523 1002 notavi
542 948 599 1006 828
619 947 677 1006 842
696 947 753 1006 843
772 946 830 1005 852
842 947 899 1005 860
917 947 975 1005 868
994 964 1052 1002 una
1071 964 1135 1002 cnm
1155 945 1341 1004 hemistichiis
1353 965 1487 1005 versuum

280 1037 338 1094 872
350 1038 416 1096 873.
456 1040 514 1098 825
534 1039 570 1096 nl.
591 1042 753 1114 κρατεροῖο
774 1030 952 1113 δράκοντος.
991 1040 1048 1098 826
1068 1037 1103 1095 nl.
1124 1033 1325 1114 λελειχμότος.
1365 1035 1487 1101 ε’νιλέοὶ

279 1120 383 1187 ὅσσων
403 1130 476 1188 coni.
496 1131 637 1209 Heynius.
695 1133 752 1190 828
771 1130 948 1188 secluserunt
965 1129 1081 1188 Ruhnk.
1102 1131 1189 1191 Wolf.
1210 1134 1245 1192 G.
1295 1132 1344 1191 ulii
1364 1130 1490 1192 πασέων

280 1218 314 1279 έκ
335 1222 378 1279 vel
398 1219 431 1281 e‘x
451 1220 584 1282 πασέων.
641 1226 699 1284 830
718 1213 774 1302 ἄφ’
796 1217 886 1280 ἱεῖσαι
906 1222 974 1281 71.
995 1223 1096 1284 Paul.
1118 1218 1190 1283 ἄσσ’
1213 1221 1303 1283 ῗεῖσαι
1322 1226 1391 1285 Ρ2.
1412 1227 1446 1284 Μ
1461 1232 1487 1287 1.

206 1386 209 1391 .
281 1316 435 1392 Vulgetum
455 1309 508 1374 ἄπ’
529 1314 619 1374 ἰεῖσαι
645 1314 767 1373 retinent
786 1315 820 1374 G.
840 1314 875 1373 L.
896 1314 1004 1374 scilicet
1027 1325 1060 1375 ut
1078 1318 1226 1377 Aeolicum
1246 1326 1391 1394 praestare
1410 1318 1488 1378 vide-

280 1410 365 1468 batur
378 1408 554 1486 Goettlingio
569 1409 749 1468 coniecturae
762 1413 839 1466 sune
851 1400 915 1482 ἄπ’,
935 1402 1067 1469 άκοῦσοιι
1088 1407 1281 1490 ἀθέσφατον.
1340 1413 1397 1471 831
1414 1403 1485 1482 cb'ct'

280 1501 388 1562 ένεοῖσι
410 1501 484 1561 coni.
504 1502 601 1561 Herm.
680 1502 737 1562 835
757 1501 793 1557 al.
814 1493 958 1575 θαύματ’
981 1497 1116 1559 ἰδέσθαι.
1180 1501 1326 1578 vulgatum
1349 1496 1485 1581 ῥοίζασχ’

281 1595 359 1672 qnod
383 1595 486 1652 retinet
504 1593 537 1653 L.
558 1595 678 1653 mutavit
697 1595 733 1654 G.
755 1615 789 1652 ex
809 1593 893 1652 codd.
1020 1597 1078 1654 836
1096 1597 1153 1655 837
1174 1595 1301 1652 diversae
1331 1596 1484 1656 recensioni

278 1688 380 1746 tribuit
398 1689 496 1746 Herm.
516 1681 613 1763 ἤματ’
635 1686 738 1768 ἐκείνῳ
757 1688 821 1746 71.
914 1689 971 1746 843
991 1683 1196 1762 ἐπεστενάχιζε
1216 1684 1251 1745 L.
1272 1706 1336 1746 cum
1356 1689 1484 1767 vulgum

277 1783 313 1840 ol.
328 1777 554 1856 ὕπεστονάχιζε,
574 1772 840 1855 έπεστονάχιζένολ
853 1770 1064 1853 ὑπεστενάχιζε
1086 1780 1164 1857 qnod
1184 1780 1317 1858 udoptnvi
1330 1800 1392 1839 cum
1410 1783 1444 1842 G.

277 1878 335 1935 846
349 1867 536 1951 πρηστήρων
548 1868 580 1932 τ’
596 1869 718 1948 άνέμιον
731 1892 763 1930 τε
782 1873 816 1930 L.
838 1891 902 1930 cum
916 1872 1031 1948 vulgata
1051 1880 1079 1929 et
1098 1873 1195 1931 multis
1214 1873 1368 1933 codicibus.
1407 1875 1481 1954 φλο·

279 1961 401 2044 γόεντος
420 1968 493 2026 Μ3.
571 1969 628 2027 847
648 1966 684 2024 ol.
704 1961 748 2038 ὲζε
768 1961 857 2044 πυρὶ,
881 1964 958 2022 nude
984 1962 1020 2040 ζῆ
1041 1962 1075 2022 de*
1099 1965 1173 2042 πυρὶ
1198 1969 1235 2027 ad
1262 1981 1388 2026 normam
1407 1969 1486 2027 verbi

280 2054 355 2134 έπλη
376 2069 405 2118 et
423 2059 557 2118 similium
583 2057 693 2117 effinxit
712 2059 746 2116 G.
825 2059 882 2118 850
899 2058 934 2116 al.
951 2054 1056 2134 Ἀέᾶης
1076 2054 1119 2116 d’.
1150 2058 1296 2137 legebatur
1316 2060 1400 2120 etiam
1419 2057 1486 2138 τρέε

280 2147 433 2228 δ’Ἀΐάης.
492 2155 550 2216 852
566 2162 599 2212 ut
614 2151 763 2211 insititium
778 2151 888 2209 notavit
896 2151 995 2208 Herm.
1054 2152 1112 2210 858
1123 2150 1158 2208 nl.
1171 2150 1325 2228 γυρωθεὶς
1334 2154 1379 2213 vel
1387 2174 1486 2232 γυρω-

280 2243 378 2315 olisia.
417 2248 475 2306 860
484 2239 602 2322 Ἀΐτνης
615 2248 739 2304 Tzetzes.
780 2248 837 2305 863
857 2242 1040 2319 κασσίτερος
1060 2237 1102 2313 ὣς
1120 2244 1207 2302 Dind.
1228 2246 1307 2322 quod
1327 2248 1431 2325 probat
1450 2249 1487 2308 G.

280 2337 385 2398 notetis
405 2357 470 2396 oum
487 2340 586 2399 Herm.
601 2347 634 2398 ut
647 2360 681 2398 ex
696 2339 752 2397 alia
769 2337 934 2397 recensione
953 2337 1088 2415 prosectis
1104 2339 1242 2429 8650886.
1300 2343 1358 2402 866
1377 2339 1486 2420 τήκετο

280 2429 314 2492 d'
335 2435 369 2494 M
385 2437 413 2494 3.
491 2434 548 2494 867
572 2431 716 2491 damnavit
734 2431 849 2491 Ruhnk.
928 2435 985 2492 888
1011 2430 1127 2490 damnat
1150 2432 1185 2490 G.
1210 2431 1241 2489 in
1265 2433 1351 2493 notis.
1429 2439 1488 2495 870

274 2523 443 2607 Ἀργεστέω
453 2518 600 2605 Ζεφύρου
619 2546 652 2584 τε
666 2526 702 2584 G.
723 2545 787 2585 cum
808 2528 842 2584 M
854 2530 880 2585 1.
900 2528 927 2584 3.
947 2525 1011 2583 Vnt.
1033 2517 1194 2602 άργεστάω
1208 2523 1357 2605 Ζεφύρου
1376 2549 1408 2586 τε
1423 2529 1485 2588 72.

281 2622 369 2681 Tonr.
389 2616 510 2697 Βορέου
535 2639 568 2679 τε
592 2616 644 2677 καὶ
668 2613 820 2695 άργέστου
840 2614 974 2697 ζεφύρου
1000 2636 1032 2675 τε
1052 2618 1122 2692 71,
1147 2617 1214 2676 item
1235 2621 1299 2679 Pur.
1324 2620 1379 2678 nisi
1407 2620 1487 2699 quod

280 2707 434 2793 ζεφύροιο.
473 2712 627 2787 Vulgatum
653 2709 704 2770 καὶ
736 2704 890 2787 ἀργέστεω
916 2704 1074 2788 Ζεφύροιο
1105 2720 1201 2769 tuetur
1225 2713 1354 2772 Schoem.
1379 2713 1428 2771 hic
1454 2723 1486 2771 ut

281 2824 368 2883 supra
385 2825 425 2862 vs.
444 2807 510 2864 379.
559 2805 613 2864 871
634 2804 720 2883 γενεῇ
739 2804 772 2861 L.
793 2823 857 2861 cnm
877 2802 1001 2878 vulgato,
1025 2799 1108 2881 γενεὴ
1130 2805 1165 2864 G.
1187 2826 1221 2865 ex
1239 2806 1367 2865 Emman.
1426 2809 1485 2866 872

281 2901 338 2960 873
356 2895 536 2956 hemistichia
554 2897 657 2954 horum
677 2916 808 2955 versuum
828 2894 996 2975 proscripsit
1014 2895 1112 2957 Herm.
1170 2902 1228 2959 872
1244 2895 1319 2972 μάψ
1341 2886 1433 2975 αύραι
1449 2899 1483 2956 6.

280 3015 313 3052 ex
335 2991 418 3050 codd.
438 3010 491 3068 pro
510 2989 625 3066 vulgato
644 2991 823 3067 μαψαῦραι.
901 2992 958 3050 873
979 2983 1012 3047 d’
1033 2983 1100 3064 ἦτοι
1119 2991 1215 3045 Herm.
1237 2991 1271 3044 6.
1291 2991 1326 3044 L.
1348 3007 1400 3062 pro
1420 2989 1482 3044 rul-

279 3093 346 3162 gnto
373 3077 411 3158 δή
435 3101 493 3139 τοι.
570 3083 628 3141 874
653 3074 768 3140 θύουσι
792 3079 909 3162 θυέλλῃ
929 3084 1057 3142 Emmnn.
1134 3079 1191 3140 875
1210 3069 1318 3135 ἄλλοτε
1338 3071 1369 3134 d'
1393 3071 1485 3135 ἄλλιιι

280 3170 360 3236 ἄεισι
386 3173 421 3233 G.
441 3174 476 3231 L.
516 3172 636 3232 Codices
660 3173 718 3232 lere
742 3195 840 3235 omnes
864 3177 972 3236 habent
997 3171 1087 3235 ἄλλαι
1114 3166 1214 3250 ἄησιν,
1242 3169 1293 3229 sed
1319 3161 1426 3227 ἄλλοτε
1452 3166 1484 3228 d'

281 3263 359 3348 ἄλλη
376 3261 475 3326 ἄεισιν
490 3265 595 3344 (Etym.
606 3266 648 3325 M.
666 3287 694 3344 p.
705 3267 756 3344 22)
767 3270 812 3328 vel
828 3265 925 3328 ἄεΐσιν
935 3269 1044 3345 (Schol.
1061 3266 1170 3327 Townl.
1185 3265 1272 3323 Hom.
1292 3264 1326 3322 ll.
1337 3263 1362 3321 Ε
1372 3263 1441 3340 526)
1454 3272 1486 3321 ut

279 3361 428 3423 Aeolicum
450 3381 485 3420 en
503 3358 632 3418 Hesiodo
653 3359 741 3418 citant
761 3360 953 3419 Grammatici.
1030 3364 1088 3420 877
1108 3355 1319 3417 συνάντωνται
1341 3357 1376 3414 6.
1397 3358 1430 3415 L.
1451 3376 1483 3414 ex

279 3457 363 3517 codd.
381 3455 486 3532 legitur
495 3453 579 3513 etium
596 3452 816 3518 συναντῶνται,
829 3447 1116 3520 συναντῶντεςεὶτε,
1132 3454 1165 3502 ut
1173 3445 1270 3522 vulgo,
1285 3450 1485 3515 συνιιντῶσιν.

356 3578 433 3636 XIV.
472 3578 633 3638 881-929.
673 3570 777 3631 Notavi
794 3580 828 3629 ut
843 3567 1041 3647 compositoris
1060 3567 1253 3627 additamento
1273 3590 1370 3628 versus
1389 3574 1483 3632 881—

279 3675 336 3736 885
355 3673 522 3744 887-893,
547 3669 629 3727 alteri
647 3665 805 3724 recensioni
824 3665 941 3724 attribui
961 3668 1032 3737 912,
1056 3664 1246 3740 strophnsque
1266 3662 1378 3717 ultimos
1397 3661 1486 3720 huius

279 3766 412 3827 sectionis
439 3763 604 3840 (924-926
629 3760 794 3837 927-929)
819 3769 853 3818 ut
876 3759 970 3817 minus
995 3755 1168 3814 necessarias
1192 3755 1228 3810 nh
1253 3751 1485 3813 antecedentibus

279 3857 401 3919 seiunni.
479 3859 537 3916 884
556 3849 635 3932 Ζῆν’
658 3853 693 3912 G.
713 3855 748 3914 L.
775 3873 839 3911 cum
864 3849 965 3909 maiori
989 3848 1120 3906 codicum
1147 3864 1281 3912 numero;
1307 3843 1375 3920 Ζῆν
1399 3845 1486 3903 habet

279 3954 351 4012 Μ1.
371 3951 421 4026 Ζῆ
440 3951 464 4009 Ρ
480 3954 506 4010 1.
527 3948 576 4007 alii
595 3947 692 4025 Ζῆνα.
768 3948 827 4008 888
847 3941 885 4020 dri
905 3935 945 4022 ῥα
965 3937 1079 4017 έμελλε,
1097 3939 1247 3999 lectionem
1269 3937 1380 4012 Geloni,
1400 3958 1484 4015 quum

280 4046 387 4106 hebent
412 4042 496 4102 etiam
522 4042 635 4101 codices
659 4040 806 4114 nonnulli,
824 4037 928 4117 prohat
946 4045 1012 4115 post
1031 4036 1167 4095 Wolfium
1187 4030 1364 4107 Lennepins;
1391 4024 1430 4107 λη’
1451 4025 1484 4109 ῥ’

279 4137 389 4218 ἤμελλε
410 4137 489 4195 dedit
508 4137 543 4196 G.
564 4156 627 4194 cum
648 4134 770 4211 vulgato.
829 4136 887 4193 890
906 4123 1075 4208 ἐγκάτθετο
1096 4131 1131 4188 G.
1152 4148 1186 4186 ex
1206 4124 1290 4183 codd.
1311 4134 1340 4184 et
1360 4124 1483 4189 Gelen03

279 4232 365 4292 ceteri
383 4225 561 4303 ε’ςκάτθετο,
585 4238 618 4287 ut
642 4227 721 4286 dedit
737 4226 820 4286 etium
840 4227 874 4284 1..
952 4227 1009 4284 892
1029 4215 1195 4302 φρασάτην
1214 4218 1313 4278 Herm.
1335 4218 1369 4275 G.
1388 4215 1422 4271 L.
1449 4232 1483 4271 ex

280 4326 364 4385 codd.
385 4324 471 4383 ceteri
490 4324 597 4382 hahent
609 4322 754 4397 vulgatum
769 4314 960 4398 ἐφρασάτην.
1018 4320 1076 4377 893
1095 4314 1130 4371 al.
1150 4306 1224 4388 έχοι.
1265 4301 1484 4413 -895Ιπρώτην

280 4416 337 4494 μέν
356 4438 390 4476 en
410 4416 492 4476 codd.
514 4418 551 4476 G.
571 4418 605 4475 L.
626 4434 678 4492 pro
697 4414 811 4490 vulgato
832 4405 956 4488 πρώτην
967 4406 1027 4486 γάρ
1039 4407 1084 4466 vel
1104 4402 1229 4482 πρώτην
1243 4401 1300 4483 μέν
1318 4416 1386 4506 γαρ.
1425 4399 1482 4507 899

280 4512 366 4588 vulgo
392 4505 557 4579 ε’ςκάτθετυ
584 4518 612 4567 et
636 4507 677 4566 ita
695 4509 729 4566 L.
807 4509 864 4566 900
883 4497 925 4571 ὡς
948 4498 992 4579 μὴ
1013 4501 1102 4559 Tnur.
1128 4499 1266 4578 probante
1285 4491 1321 4548 G.
1341 4509 1384 4595 ως
1405 4488 1420 4547 d
1455 4487 1484 4550 oi

281 4601 503 4684 συμφράσαιτο
515 4603 650 4675 Galenus,
670 4591 712 4669 τάς
726 4592 1012 4675 υἱ-συμφράσσαιτο
1025 4595 1125 4654 Herm.
1145 4593 1299 4665 Suspectus
1319 4584 1366 4642 luc
1385 4603 1483 4642 versus
