<?xml version="1.0" encoding="UTF-8"?>
<!DOCTYPE html PUBLIC "-//W3C//DTD XHTML 1.0 Transitional//EN"
    "http://www.w3.org/TR/xhtml1/DTD/xhtml1-transitional.dtd">
<html xmlns="http://www.w3.org/1999/xhtml" xml:lang="en" lang="en">
 <head>
  <title>
</title>
<meta http-equiv="Content-Type" content="text/html;charset=utf-8" />
  <meta name='ocr-system' content='tesseract 3.04.00' />
  <meta name='ocr-capabilities' content='ocr_page ocr_carea ocr_par ocr_line ocrx_word'/>
</head>
<body>
  <div class='ocr_page' id='page_1' title='image "./hesioditheogoni01hesigoog_0022.png"; bbox 0 0 3030 5084; ppageno 0'>
   <div class='ocr_carea' id='block_1_1' title="bbox 644 258 858 320">
    <p class='ocr_par' dir='ltr' id='par_1_1' title="bbox 644 258 858 320">
     <span class='ocr_line' id='line_1_1' title="bbox 644 258 858 320; baseline 0 -19"><span class='ocrx_word' id='word_1_1' title='bbox 644 258 858 320; x_wconf 83' lang='lat'>-9..</span> 
     </span>
    </p>
   </div>
   <div class='ocr_carea' id='block_1_2' title="bbox 221 419 1126 592">
    <p class='ocr_par' dir='ltr' id='par_1_2' title="bbox 221 419 1126 592">
     <span class='ocr_line' id='line_1_2' title="bbox 221 419 989 504; baseline -0.01 -18"><span class='ocrx_word' id='word_1_2' title='bbox 221 423 255 486; x_wconf 77' lang='grc' dir='ltr'><strong><em>ἐκ</em></strong></span> <span class='ocrx_word' id='word_1_3' title='bbox 273 426 395 504; x_wconf 77' lang='grc' dir='ltr'><strong><em>γενετῆς</em></strong></span> <span class='ocrx_word' id='word_1_4' title='bbox 413 419 531 494; x_wconf 88' lang='grc' dir='ltr'><strong><em>πολιάς,</em></strong></span> <span class='ocrx_word' id='word_1_5' title='bbox 552 422 610 494; x_wconf 82' lang='grc' dir='ltr'><strong><em>τὰς</em></strong></span> <span class='ocrx_word' id='word_1_6' title='bbox 629 420 667 501; x_wconf 78' lang='grc' dir='ltr'><strong><em>δή</em></strong></span> <span class='ocrx_word' id='word_1_7' title='bbox 689 420 808 500; x_wconf 91' lang='grc' dir='ltr'><strong><em>Γραίας</em></strong></span> <span class='ocrx_word' id='word_1_8' title='bbox 827 420 989 503; x_wconf 78' lang='grc' dir='ltr'><strong><em>καλίουσιν</em></strong></span> 
     </span>
     <span class='ocr_line' id='line_1_3' title="bbox 223 498 1126 592; baseline -0.004 -17"><span class='ocrx_word' id='word_1_9' title='bbox 223 510 383 579; x_wconf 87' lang='grc' dir='ltr'><strong><em>ἀθάνατοί</em></strong></span> <span class='ocrx_word' id='word_1_10' title='bbox 399 537 430 576; x_wconf 92' lang='grc' dir='ltr'><strong><em>τε</em></strong></span> <span class='ocrx_word' id='word_1_11' title='bbox 449 507 520 577; x_wconf 80' lang='grc' dir='ltr'><strong><em>θεοί</em></strong></span> <span class='ocrx_word' id='word_1_12' title='bbox 534 536 591 592; x_wconf 74' lang='grc' dir='ltr'><strong><em>χοι</em></strong></span> <span class='ocrx_word' id='word_1_13' title='bbox 592 536 636 574; x_wconf 89' lang='grc' dir='ltr'><strong><em>ιαι</em></strong></span> <span class='ocrx_word' id='word_1_14' title='bbox 628 509 862 591; x_wconf 77' lang='grc' dir='ltr'><strong><em>ἐρχομενοι</em></strong></span> <span class='ocrx_word' id='word_1_15' title='bbox 831 535 849 574; x_wconf 85' lang='grc' dir='ltr'><strong><em>τ</em></strong></span> <span class='ocrx_word' id='word_1_16' title='bbox 884 498 1062 591; x_wconf 81' lang='grc' dir='ltr'><strong><em>ἀνθρωττοι,</em></strong></span> <span class='ocrx_word' id='word_1_17' title='bbox 1123 538 1126 542; x_wconf 55' lang='grc'><em>’</em></span> 
     </span>
    </p>
   </div>
   <div class='ocr_carea' id='block_1_3' title="bbox 158 603 1338 1065">
    <p class='ocr_par' dir='ltr' id='par_1_3' title="bbox 220 603 1223 830">
     <span class='ocr_line' id='line_1_4' title="bbox 221 603 1169 709; baseline 0 -27"><span class='ocrx_word' id='word_1_18' title='bbox 221 607 472 709; x_wconf 88' lang='grc' dir='ltr'><strong><em>Πεφρηδώ</em></strong></span> <span class='ocrx_word' id='word_1_19' title='bbox 436 641 457 683; x_wconf 90' lang='grc' dir='ltr'><em>τ</em></span> <span class='ocrx_word' id='word_1_20' title='bbox 500 609 679 684; x_wconf 85' lang='grc' dir='ltr'><strong><em>εῦπεπλον</em></strong></span> <span class='ocrx_word' id='word_1_21' title='bbox 700 605 818 685; x_wconf 77' lang='grc' dir='ltr'><strong><em>Ἐνυώ</em></strong></span> <span class='ocrx_word' id='word_1_22' title='bbox 845 635 883 687; x_wconf 81' lang='grc' dir='ltr'><strong><em>τε</em></strong></span> <span class='ocrx_word' id='word_1_23' title='bbox 907 603 1169 705; x_wconf 87' lang='grc' dir='ltr'><strong><em>κροκόπεπλον,</em></strong></span> 
     </span>
     <span class='ocr_line' id='line_1_5' title="bbox 220 723 1223 830; baseline -0.002 -30"><span class='ocrx_word' id='word_1_24' title='bbox 220 725 386 830; x_wconf 88' lang='grc' dir='ltr'><strong><em>Γοργούς</em></strong></span> <span class='ocrx_word' id='word_1_25' title='bbox 411 728 456 802; x_wconf 73' lang='grc' dir='ltr'><strong><em>θ’</em></strong></span> <span class='ocrx_word' id='word_1_26' title='bbox 484 731 524 801; x_wconf 80' lang='grc' dir='ltr'><strong><em>αἳ</em></strong></span> <span class='ocrx_word' id='word_1_27' title='bbox 547 723 834 824; x_wconf 76' lang='grc' dir='ltr'><strong><em>ναίουσι-πέρην</em></strong></span> <span class='ocrx_word' id='word_1_28' title='bbox 858 733 996 799; x_wconf 78' lang='grc' dir='ltr'><strong><em>κλυτοῦ</em></strong></span> <span class='ocrx_word' id='word_1_29' title='bbox 1017 724 1223 815; x_wconf 80' lang='grc' dir='ltr'><strong><em>Ὠκεανοῖο,</em></strong></span> 
     </span>
    </p>

    <p class='ocr_par' dir='ltr' id='par_1_4' title="bbox 158 839 1338 1065">
     <span class='ocr_line' id='line_1_6' title="bbox 158 839 1216 945; baseline 0 -30"><span class='ocrx_word' id='word_1_30' title='bbox 158 865 209 917; x_wconf 77' lang='lat'><strong><em>275</em></strong></span> <span class='ocrx_word' id='word_1_31' title='bbox 223 851 371 943; x_wconf 76' lang='grc' dir='ltr'><strong><em>ἐσχατιῇ</em></strong></span> <span class='ocrx_word' id='word_1_32' title='bbox 395 847 485 943; x_wconf 83' lang='grc' dir='ltr'><strong><em>πρὸς</em></strong></span> <span class='ocrx_word' id='word_1_33' title='bbox 511 839 679 937; x_wconf 76' lang='grc' dir='ltr'><strong><em>Νυκτός,</em></strong></span> <span class='ocrx_word' id='word_1_34' title='bbox 693 845 746 942; x_wconf 76' lang='grc' dir='ltr'><strong><em>ἵν’</em></strong></span> <span class='ocrx_word' id='word_1_35' title='bbox 769 841 973 942; x_wconf 73' lang='grc' dir='ltr'><em>Ἑσπερίδες</em></span> <span class='ocrx_word' id='word_1_36' title='bbox 998 840 1216 945; x_wconf 75' lang='grc' dir='ltr'><strong><em>λιγύφωνοι,</em></strong></span> 
     </span>
     <span class='ocr_line' id='line_1_7' title="bbox 220 960 1338 1065; baseline -0.005 -27"><span class='ocrx_word' id='word_1_37' title='bbox 220 963 376 1041; x_wconf 82' lang='grc' dir='ltr'><strong><em>Σθεννώ</em></strong></span> <span class='ocrx_word' id='word_1_38' title='bbox 400 966 436 1039; x_wconf 72' lang='grc' dir='ltr'><strong><em>τ’</em></strong></span> <span class='ocrx_word' id='word_1_39' title='bbox 464 962 638 1065; x_wconf 75' lang='grc' dir='ltr'><strong><em>Εὐρυάλη</em></strong></span> <span class='ocrx_word' id='word_1_40' title='bbox 663 993 701 1038; x_wconf 89' lang='grc' dir='ltr'><strong><em>τε</em></strong></span> <span class='ocrx_word' id='word_1_41' title='bbox 727 960 912 1038; x_wconf 78' lang='grc' dir='ltr'><strong><em>Μέδουσά</em></strong></span> <span class='ocrx_word' id='word_1_42' title='bbox 939 990 979 1036; x_wconf 89' lang='grc' dir='ltr'><strong><em>τε</em></strong></span> <span class='ocrx_word' id='word_1_43' title='bbox 1005 961 1122 1063; x_wconf 82' lang='grc' dir='ltr'><strong><em>λυγρά</em></strong></span> <span class='ocrx_word' id='word_1_44' title='bbox 1145 964 1338 1036; x_wconf 78' lang='grc' dir='ltr'><strong><em>παθοῦσα.</em></strong></span> 
     </span>
    </p>
   </div>
   <div class='ocr_carea' id='block_1_4' title="bbox 161 1126 1143 1541">
    <p class='ocr_par' dir='ltr' id='par_1_5' title="bbox 224 1126 1129 1222">
     <span class='ocr_line' id='line_1_8' title="bbox 224 1126 1129 1222; baseline -0.006 -20"><span class='ocrx_word' id='word_1_45' title='bbox 224 1129 244 1222; x_wconf 91' lang='lat'><strong><em>6</em></strong></span> <span class='ocrx_word' id='word_1_46' title='bbox 267 1134 328 1218; x_wconf 78' lang='grc' dir='ltr'><strong><em>μὲν</em></strong></span> <span class='ocrx_word' id='word_1_47' title='bbox 349 1131 404 1221; x_wconf 80' lang='grc' dir='ltr'><strong><em>ἔην</em></strong></span> <span class='ocrx_word' id='word_1_48' title='bbox 425 1129 543 1222; x_wconf 86' lang='grc' dir='ltr'><strong><em>θνητή,</em></strong></span> <span class='ocrx_word' id='word_1_49' title='bbox 566 1131 603 1201; x_wconf 78' lang='grc' dir='ltr'><strong><em>αἱ</em></strong></span> <span class='ocrx_word' id='word_1_50' title='bbox 623 1129 657 1202; x_wconf 77' lang='grc' dir='ltr'><strong><em>δ’</em></strong></span> <span class='ocrx_word' id='word_1_51' title='bbox 682 1129 857 1215; x_wconf 84' lang='grc' dir='ltr'><strong><em>ἀθάναται</em></strong></span> <span class='ocrx_word' id='word_1_52' title='bbox 877 1127 936 1199; x_wconf 74' lang='grc' dir='ltr'><strong><em>καί</em></strong></span> <span class='ocrx_word' id='word_1_53' title='bbox 953 1127 1078 1220; x_wconf 91' lang='grc' dir='ltr'><strong><em>ἀγήρω,</em></strong></span> <span class='ocrx_word' id='word_1_54' title='bbox 1127 1126 1129 1133; x_wconf 65' lang='grc'><strong>’</strong></span> 
     </span>
    </p>

    <p class='ocr_par' dir='ltr' id='par_1_6' title="bbox 225 1231 1047 1362">
     <span class='ocr_line' id='line_1_9' title="bbox 225 1231 1047 1362; baseline 0 -60"><span class='ocrx_word' id='word_1_55' title='bbox 225 1231 262 1302; x_wconf 77' lang='grc' dir='ltr'><strong><em>αἲ</em></strong></span> <span class='ocrx_word' id='word_1_56' title='bbox 282 1233 358 1304; x_wconf 89' lang='grc' dir='ltr'><strong><em>δύο·</em></strong></span> <span class='ocrx_word' id='word_1_57' title='bbox 381 1240 422 1324; x_wconf 77' lang='grc' dir='ltr'><strong><em>τῇ</em></strong></span> <span class='ocrx_word' id='word_1_58' title='bbox 444 1237 483 1311; x_wconf 81' lang='grc' dir='ltr'><strong><em>δὲ</em></strong></span> <span class='ocrx_word' id='word_1_59' title='bbox 503 1240 566 1325; x_wconf 80' lang='grc' dir='ltr'><strong><em>μιῇ</em></strong></span> <span class='ocrx_word' id='word_1_60' title='bbox 588 1236 797 1362; x_wconf 79' lang='grc' dir='ltr'><strong><em>παρελέξατο</em></strong></span> <span class='ocrx_word' id='word_1_61' title='bbox 817 1232 1047 1321; x_wconf 65' lang='grc' dir='ltr'><strong><em>Κυανοχαίτης</em></strong></span> 
     </span>
    </p>

    <p class='ocr_par' dir='ltr' id='par_1_7' title="bbox 161 1333 1134 1530">
     <span class='ocr_line' id='line_1_10' title="bbox 226 1333 1032 1431; baseline 0 -27"><span class='ocrx_word' id='word_1_62' title='bbox 226 1337 260 1404; x_wconf 77' lang='grc' dir='ltr'><strong><em>ἐν</em></strong></span> <span class='ocrx_word' id='word_1_63' title='bbox 280 1340 420 1426; x_wconf 76' lang='grc' dir='ltr'><strong><em>μαλακῷ</em></strong></span> <span class='ocrx_word' id='word_1_64' title='bbox 443 1339 587 1422; x_wconf 84' lang='grc' dir='ltr'><strong><em>λειμῶνι</em></strong></span> <span class='ocrx_word' id='word_1_65' title='bbox 603 1340 660 1406; x_wconf 83' lang='grc' dir='ltr'><strong><em>καί</em></strong></span> <span class='ocrx_word' id='word_1_66' title='bbox 682 1333 823 1405; x_wconf 89' lang='grc' dir='ltr'><strong><em>ὐίνθεσιν</em></strong></span> <span class='ocrx_word' id='word_1_67' title='bbox 845 1333 1032 1431; x_wconf 79' lang='grc' dir='ltr'><strong><em>εἰαρινοῖσι.</em></strong></span> 
     </span>
     <span class='ocr_line' id='line_1_11' title="bbox 161 1433 1143 1541; baseline -0.007 -29"><span class='ocrx_word' id='word_1_68' title='bbox 161 1444 283 1529; x_wconf 73' lang='grc' dir='ltr'><strong><em>νεότης</em></strong></span> <span class='ocrx_word' id='word_1_69' title='bbox 304 1437 363 1508; x_wconf 86' lang='lat'>6&#39;‘&#39;</span> <span class='ocrx_word' id='word_1_70' title='bbox 344 1466 400 1509; x_wconf 92' lang='grc' dir='ltr'><strong><em>οτε</em></strong></span> <span class='ocrx_word' id='word_1_71' title='bbox 422 1441 462 1529; x_wconf 86' lang='grc' dir='ltr'><strong><em>δή</em></strong></span> <span class='ocrx_word' id='word_1_72' title='bbox 486 1439 637 1541; x_wconf 83' lang='grc' dir='ltr'><strong><em>Περοεύς</em></strong></span> <span class='ocrx_word' id='word_1_73' title='bbox 658 1439 807 1528; x_wconf 82' lang='grc' dir='ltr'><strong><em>κεφαλήν</em></strong></span> <span class='ocrx_word' id='word_1_74' title='bbox 828 1433 1143 1527; x_wconf 67' lang='grc' dir='ltr'><strong><em>ἀπεδειροτόμησεν,</em></strong></span> 
     </span>
    </p>
   </div>
   <div class='ocr_carea' id='block_1_5' title="bbox 223 1535 1121 1849">
    <p class='ocr_par' dir='ltr' id='par_1_8' title="bbox 223 1535 1121 1816">
     <span class='ocr_line' id='line_1_12' title="bbox 225 1535 1121 1666; baseline -0.002 -56"><span class='ocrx_word' id='word_1_75' title='bbox 225 1539 349 1664; x_wconf 81' lang='grc' dir='ltr'><strong><em>ε’ίκθορε</em></strong></span> <span class='ocrx_word' id='word_1_76' title='bbox 370 1536 537 1632; x_wconf 87' lang='grc' dir='ltr'><strong><em>Χρυσάωρ</em></strong></span> <span class='ocrx_word' id='word_1_77' title='bbox 559 1567 596 1609; x_wconf 89' lang='grc' dir='ltr'><strong><em>τε</em></strong></span> <span class='ocrx_word' id='word_1_78' title='bbox 617 1541 722 1629; x_wconf 82' lang='grc' dir='ltr'><strong><em>μέγας</em></strong></span> <span class='ocrx_word' id='word_1_79' title='bbox 742 1540 800 1607; x_wconf 80' lang='grc' dir='ltr'><strong><em>καί</em></strong></span> <span class='ocrx_word' id='word_1_80' title='bbox 821 1535 982 1627; x_wconf 87' lang='grc' dir='ltr'><strong><em>Πήγασος</em></strong></span> <span class='ocrx_word' id='word_1_81' title='bbox 1001 1537 1121 1666; x_wconf 79' lang='grc' dir='ltr'><strong><em>ίππρς.</em></strong></span> 
     </span>
     <span class='ocr_line' id='line_1_13' title="bbox 223 1633 1112 1754; baseline 0.001 -52"><span class='ocrx_word' id='word_1_82' title='bbox 223 1646 268 1724; x_wconf 79' lang='grc' dir='ltr'><strong><em>τῷ</em></strong></span> <span class='ocrx_word' id='word_1_83' title='bbox 287 1665 344 1719; x_wconf 85' lang='grc' dir='ltr'><strong><em>μεν</em></strong></span> <span class='ocrx_word' id='word_1_84' title='bbox 363 1633 560 1754; x_wconf 74' lang='grc' dir='ltr'><strong><em>ἓνιώνημον</em></strong></span> <span class='ocrx_word' id='word_1_85' title='bbox 543 1665 590 1720; x_wconf 90' lang='grc' dir='ltr'><strong><em>ην,</em></strong></span> <span class='ocrx_word' id='word_1_86' title='bbox 611 1636 659 1702; x_wconf 75' lang='grc' dir='ltr'><strong><em>ὅτ’</em></strong></span> <span class='ocrx_word' id='word_1_87' title='bbox 683 1635 724 1716; x_wconf 83' lang='grc' dir='ltr'><strong><em>ίίρ</em></strong></span> <span class='ocrx_word' id='word_1_88' title='bbox 726 1637 903 1700; x_wconf 76' lang='grc' dir='ltr'><strong><em>Ὠκεανοῦ</em></strong></span> <span class='ocrx_word' id='word_1_89' title='bbox 922 1641 995 1722; x_wconf 81' lang='grc' dir='ltr'><strong><em>περί</em></strong></span> <span class='ocrx_word' id='word_1_90' title='bbox 1011 1643 1112 1722; x_wconf 77' lang='grc' dir='ltr'><strong><em>πηγὰς</em></strong></span> 
     </span>
     <span class='ocr_line' id='line_1_14' title="bbox 223 1703 1080 1849; baseline 0.001 -55"><span class='ocrx_word' id='word_1_91' title='bbox 223 1703 356 1815; x_wconf 59' lang='lat'>666²,</span> <span class='ocrx_word' id='word_1_92' title='bbox 342 1760 358 1798; x_wconf 93' lang='grc' dir='ltr'><strong><em>ο</em></strong></span> <span class='ocrx_word' id='word_1_93' title='bbox 378 1733 412 1796; x_wconf 90' lang='grc' dir='ltr'><strong><em>δ</em></strong></span> <span class='ocrx_word' id='word_1_94' title='bbox 434 1731 493 1816; x_wconf 83' lang='grc' dir='ltr'><strong><em>όορ</em></strong></span> <span class='ocrx_word' id='word_1_95' title='bbox 507 1729 655 1849; x_wconf 73' lang='grc' dir='ltr'><strong><em>χρύσειον</em></strong></span> <span class='ocrx_word' id='word_1_96' title='bbox 675 1730 741 1811; x_wconf 73' lang='grc' dir='ltr'><strong><em>ἔχεν</em></strong></span> <span class='ocrx_word' id='word_1_97' title='bbox 758 1731 837 1810; x_wconf 82' lang='grc' dir='ltr'><strong><em>μετὰ</em></strong></span> <span class='ocrx_word' id='word_1_98' title='bbox 853 1733 943 1809; x_wconf 79' lang='grc' dir='ltr'><strong><em>χερσί</em></strong></span> <span class='ocrx_word' id='word_1_99' title='bbox 964 1733 1080 1814; x_wconf 80' lang='grc' dir='ltr'><strong><em>φίλῃσι.</em></strong></span> 
     </span>
    </p>
   </div>
   <div class='ocr_carea' id='block_1_6' title="bbox 164 1823 1274 3376">
    <p class='ocr_par' dir='ltr' id='par_1_9' title="bbox 164 1823 1274 3344">
     <span class='ocr_line' id='line_1_15' title="bbox 225 1823 1248 1918; baseline 0.004 -25"><span class='ocrx_word' id='word_1_100' title='bbox 225 1823 272 1910; x_wconf 88' lang='grc' dir='ltr'><strong><em>χώ</em></strong></span> <span class='ocrx_word' id='word_1_101' title='bbox 293 1829 354 1911; x_wconf 79' lang='grc' dir='ltr'><strong><em>μὲν</em></strong></span> <span class='ocrx_word' id='word_1_102' title='bbox 376 1825 625 1913; x_wconf 77' lang='grc' dir='ltr'><strong><em>ἀποπτάμενος,</em></strong></span> <span class='ocrx_word' id='word_1_103' title='bbox 648 1824 828 1914; x_wconf 88' lang='grc' dir='ltr'><strong><em>προλιπών</em></strong></span> <span class='ocrx_word' id='word_1_104' title='bbox 847 1823 957 1909; x_wconf 90' lang='grc' dir='ltr'><strong><em>χθόνα</em></strong></span> <span class='ocrx_word' id='word_1_105' title='bbox 978 1828 1103 1915; x_wconf 84' lang='grc' dir='ltr'><strong><em>μητέρα</em></strong></span> <span class='ocrx_word' id='word_1_106' title='bbox 1123 1825 1248 1918; x_wconf 89' lang='grc' dir='ltr'><strong><em>μήλων,</em></strong></span> 
     </span>
     <span class='ocr_line' id='line_1_16' title="bbox 164 1925 1115 2018; baseline -0.004 -16"><span class='ocrx_word' id='word_1_107' title='bbox 164 1926 309 2002; x_wconf 66' lang='lat'>2856666’</span> <span class='ocrx_word' id='word_1_108' title='bbox 333 1931 367 2010; x_wconf 79' lang='grc' dir='ltr'><strong><em>ἐς</em></strong></span> <span class='ocrx_word' id='word_1_109' title='bbox 389 1928 593 2010; x_wconf 73' lang='grc' dir='ltr'><strong><em>ἀθανάτους,</em></strong></span> <span class='ocrx_word' id='word_1_110' title='bbox 618 1928 726 2018; x_wconf 84' lang='grc' dir='ltr'><strong><em>Ζηνός</em></strong></span> <span class='ocrx_word' id='word_1_111' title='bbox 748 1925 781 1996; x_wconf 76' lang='grc' dir='ltr'><strong><em>δ’</em></strong></span> <span class='ocrx_word' id='word_1_112' title='bbox 807 1929 841 1996; x_wconf 75' lang='grc' dir='ltr'><strong><em>ἐν</em></strong></span> <span class='ocrx_word' id='word_1_113' title='bbox 863 1926 997 2014; x_wconf 81' lang='grc' dir='ltr'><strong><em>δώμασι</em></strong></span> <span class='ocrx_word' id='word_1_114' title='bbox 1018 1929 1115 2011; x_wconf 82' lang='grc' dir='ltr'><strong><em>ναίει,</em></strong></span> 
     </span>
     <span class='ocr_line' id='line_1_17' title="bbox 227 2028 1086 2122; baseline 0.003 -24"><span class='ocrx_word' id='word_1_115' title='bbox 227 2028 423 2122; x_wconf 87' lang='grc' dir='ltr'><strong><em>βροντήντε</em></strong></span> <span class='ocrx_word' id='word_1_116' title='bbox 446 2029 611 2122; x_wconf 91' lang='grc' dir='ltr'><strong><em>στεροπήν</em></strong></span> <span class='ocrx_word' id='word_1_117' title='bbox 632 2056 669 2121; x_wconf 83' lang='grc' dir='ltr'><strong><em>τε</em></strong></span> <span class='ocrx_word' id='word_1_118' title='bbox 690 2031 803 2119; x_wconf 82' lang='grc' dir='ltr'><strong><em>φέρων</em></strong></span> <span class='ocrx_word' id='word_1_119' title='bbox 823 2032 884 2098; x_wconf 87' lang='grc' dir='ltr'><strong><em>Διί</em></strong></span> <span class='ocrx_word' id='word_1_120' title='bbox 905 2028 1086 2120; x_wconf 83' lang='grc' dir='ltr'><strong><em>μητιόεντι.</em></strong></span> 
     </span>
     <span class='ocr_line' id='line_1_18' title="bbox 292 2131 1139 2224; baseline 0 -22"><span class='ocrx_word' id='word_1_121' title='bbox 292 2131 459 2222; x_wconf 85' lang='grc' dir='ltr'><strong><em>Χρυσάωρ</em></strong></span> <span class='ocrx_word' id='word_1_122' title='bbox 482 2131 515 2202; x_wconf 80' lang='grc' dir='ltr'><strong><em>δ’</em></strong></span> <span class='ocrx_word' id='word_1_123' title='bbox 540 2132 630 2202; x_wconf 69' lang='grc' dir='ltr'><strong><em>ἔτεκε</em></strong></span> <span class='ocrx_word' id='word_1_124' title='bbox 650 2131 846 2222; x_wconf 85' lang='grc' dir='ltr'><strong><em>τρικάρηνον</em></strong></span> <span class='ocrx_word' id='word_1_125' title='bbox 869 2139 1053 2224; x_wconf 79' lang='grc' dir='ltr'><strong><em>Γηρυονῆα,</em></strong></span> <span class='ocrx_word' id='word_1_126' title='bbox 1135 2172 1139 2177; x_wconf 87' lang='lat'>-</span> 
     </span>
     <span class='ocr_line' id='line_1_19' title="bbox 228 2226 1070 2328; baseline 0.001 -24"><span class='ocrx_word' id='word_1_127' title='bbox 228 2238 364 2321; x_wconf 84' lang='grc' dir='ltr'><strong><em>μιχθεὶς</em></strong></span> <span class='ocrx_word' id='word_1_128' title='bbox 384 2234 561 2328; x_wconf 80' lang='grc' dir='ltr'><strong><em>Καλλιρόῃ</em></strong></span> <span class='ocrx_word' id='word_1_129' title='bbox 583 2226 686 2328; x_wconf 72' lang='grc' dir='ltr'><strong><em>κούρῃ</em></strong></span> <span class='ocrx_word' id='word_1_130' title='bbox 707 2237 828 2302; x_wconf 86' lang='grc' dir='ltr'><strong><em>κλυτοῦ</em></strong></span> <span class='ocrx_word' id='word_1_131' title='bbox 845 2231 1028 2305; x_wconf 82' lang='grc' dir='ltr'><strong><em>Ὠκεανοῖο.</em></strong></span> <span class='ocrx_word' id='word_1_132' title='bbox 1067 2270 1070 2276; x_wconf 94' lang='grc'><em>·</em></span> 
     </span>
     <span class='ocr_line' id='line_1_20' title="bbox 220 2333 935 2428; baseline 0 -22"><span class='ocrx_word' id='word_1_133' title='bbox 220 2340 286 2408; x_wconf 82' lang='grc' dir='ltr'><strong><em>τδν</em></strong></span> <span class='ocrx_word' id='word_1_134' title='bbox 306 2339 367 2423; x_wconf 82' lang='grc' dir='ltr'><strong><em>μὲν</em></strong></span> <span class='ocrx_word' id='word_1_135' title='bbox 390 2333 444 2426; x_wconf 81' lang='grc' dir='ltr'><strong><em>ἀρ’</em></strong></span> <span class='ocrx_word' id='word_1_136' title='bbox 470 2336 636 2428; x_wconf 79' lang='grc' dir='ltr'><strong><em>ἐξενάριξε</em></strong></span> <span class='ocrx_word' id='word_1_137' title='bbox 651 2336 715 2426; x_wconf 88' lang='grc' dir='ltr'><strong><em>,βίη</em></strong></span> <span class='ocrx_word' id='word_1_138' title='bbox 732 2335 935 2427; x_wconf 84' lang='grc' dir='ltr'><strong><em>Ἡρακληείη</em></strong></span> 
     </span>
     <span class='ocr_line' id='line_1_21' title="bbox 165 2437 1134 2565; baseline -0.001 -54"><span class='ocrx_word' id='word_1_139' title='bbox 165 2442 326 2527; x_wconf 70' lang='grc' dir='ltr'><strong><em>ιεοβουσὶ</em></strong></span> <span class='ocrx_word' id='word_1_140' title='bbox 347 2438 429 2528; x_wconf 81' lang='grc' dir='ltr'><strong><em>παρ’</em></strong></span> <span class='ocrx_word' id='word_1_141' title='bbox 454 2439 666 2511; x_wconf 80' lang='grc' dir='ltr'><strong><em>εἰλιπόδεσσι</em></strong></span> <span class='ocrx_word' id='word_1_142' title='bbox 686 2437 874 2565; x_wconf 79' lang='grc' dir='ltr'><strong><em>περιρρύτηι</em></strong></span> <span class='ocrx_word' id='word_1_143' title='bbox 898 2438 946 2508; x_wconf 85' lang='grc' dir='ltr'><strong><em>είν</em></strong></span> <span class='ocrx_word' id='word_1_144' title='bbox 964 2437 1134 2533; x_wconf 77' lang='grc' dir='ltr'><strong><em>Ἐρυθείῃ,</em></strong></span> 
     </span>
     <span class='ocr_line' id='line_1_22' title="bbox 228 2537 1085 2632; baseline 0.001 -23"><span class='ocrx_word' id='word_1_145' title='bbox 228 2537 388 2632; x_wconf 88' lang='grc' dir='ltr'><strong><em>ῆματι</em></strong></span> <span class='ocrx_word' id='word_1_146' title='bbox 352 2547 397 2608; x_wconf 81' lang='grc' dir='ltr'><strong><em>τώ</em></strong></span> <span class='ocrx_word' id='word_1_147' title='bbox 420 2540 475 2611; x_wconf 81' lang='grc' dir='ltr'><strong><em>ὅτε</em></strong></span> <span class='ocrx_word' id='word_1_148' title='bbox 498 2569 561 2632; x_wconf 86' lang='grc' dir='ltr'><strong><em>περ</em></strong></span> <span class='ocrx_word' id='word_1_149' title='bbox 582 2547 664 2629; x_wconf 89' lang='grc' dir='ltr'><strong><em>βοῦς</em></strong></span> <span class='ocrx_word' id='word_1_150' title='bbox 685 2537 810 2632; x_wconf 85' lang='grc' dir='ltr'><strong><em>ῆλασευ</em></strong></span> <span class='ocrx_word' id='word_1_151' title='bbox 831 2539 1085 2629; x_wconf 77' lang='grc' dir='ltr'><strong><em>εὐρυμετώπους</em></strong></span> 
     </span>
     <span class='ocr_line' id='line_1_23' title="bbox 234 2641 1130 2735; baseline 0 -23"><span class='ocrx_word' id='word_1_152' title='bbox 234 2641 374 2734; x_wconf 83' lang='grc' dir='ltr'><strong><em>Τίρυνθ’</em></strong></span> <span class='ocrx_word' id='word_1_153' title='bbox 400 2643 448 2725; x_wconf 83' lang='grc' dir='ltr'><strong><em>είς</em></strong></span> <span class='ocrx_word' id='word_1_154' title='bbox 469 2643 571 2734; x_wconf 78' lang='grc' dir='ltr'><strong><em>ἱερήν,</em></strong></span> <span class='ocrx_word' id='word_1_155' title='bbox 594 2645 717 2731; x_wconf 86' lang='grc' dir='ltr'><strong><em>διαβάς</em></strong></span> <span class='ocrx_word' id='word_1_156' title='bbox 739 2642 847 2735; x_wconf 89' lang='grc' dir='ltr'><strong><em>πόρον</em></strong></span> <span class='ocrx_word' id='word_1_157' title='bbox 865 2641 1046 2726; x_wconf 84' lang='grc' dir='ltr'><strong><em>Ὠκεανοῖο,</em></strong></span> <span class='ocrx_word' id='word_1_158' title='bbox 1114 2682 1130 2701; x_wconf 86' lang='grc'><strong><em>-·</em></strong></span> 
     </span>
     <span class='ocr_line' id='line_1_24' title="bbox 218 2738 1034 2838; baseline 0.001 -24.02"><span class='ocrx_word' id='word_1_159' title='bbox 218 2739 348 2835; x_wconf 82' lang='grc' dir='ltr'><strong><em>’Όρθον</em></strong></span> <span class='ocrx_word' id='word_1_160' title='bbox 369 2772 405 2814; x_wconf 86' lang='grc' dir='ltr'><strong><em>τε</em></strong></span> <span class='ocrx_word' id='word_1_161' title='bbox 427 2746 556 2828; x_wconf 84' lang='grc' dir='ltr'><strong><em>κτείνας</em></strong></span> <span class='ocrx_word' id='word_1_162' title='bbox 578 2775 635 2817; x_wconf 93' lang='grc' dir='ltr'><strong><em>και</em></strong></span> <span class='ocrx_word' id='word_1_163' title='bbox 626 2746 819 2834; x_wconf 80' lang='grc' dir='ltr'><strong><em>βουκόλον</em></strong></span> <span class='ocrx_word' id='word_1_164' title='bbox 840 2738 1034 2838; x_wconf 84' lang='grc' dir='ltr'><strong><em>Εὐρυτίωνα</em></strong></span> 
     </span>
     <span class='ocr_line' id='line_1_25' title="bbox 230 2846 1066 2976; baseline 0.002 -62"><span class='ocrx_word' id='word_1_165' title='bbox 230 2850 411 2934; x_wconf 77' lang='grc' dir='ltr'><strong><em>σταθμῷ’</em></strong></span> <span class='ocrx_word' id='word_1_166' title='bbox 395 2875 430 2915; x_wconf 90' lang='grc' dir='ltr'><strong><em>εν</em></strong></span> <span class='ocrx_word' id='word_1_167' title='bbox 440 2846 598 2976; x_wconf 85' lang='grc' dir='ltr'><strong><em>ήερόεντι</em></strong></span> <span class='ocrx_word' id='word_1_168' title='bbox 620 2851 725 2937; x_wconf 82' lang='grc' dir='ltr'><strong><em>πέρην</em></strong></span> <span class='ocrx_word' id='word_1_169' title='bbox 746 2853 866 2918; x_wconf 88' lang='grc' dir='ltr'><strong><em>κλυτοῦ</em></strong></span> <span class='ocrx_word' id='word_1_170' title='bbox 884 2847 1066 2917; x_wconf 77' lang='grc' dir='ltr'><strong><em>Ὠκεανοῖο.</em></strong></span> 
     </span>
     <span class='ocr_line' id='line_1_26' title="bbox 168 2944 1274 3040; baseline 0.008 -25"><span class='ocrx_word' id='word_1_171' title='bbox 168 2967 217 3018; x_wconf 77' lang='lat'><strong><em>295</em></strong></span> <span class='ocrx_word' id='word_1_172' title='bbox 311 2944 460 3016; x_wconf 71' lang='lat' dir='ltr'>‘&#39;&#39;&#39;Hd</span> <span class='ocrx_word' id='word_1_173' title='bbox 437 2947 522 3017; x_wconf 77' lang='grc' dir='ltr'><strong><em>ετεκ’</em></strong></span> <span class='ocrx_word' id='word_1_174' title='bbox 548 2945 631 3019; x_wconf 83' lang='grc' dir='ltr'><strong><em>ἀλλο</em></strong></span> <span class='ocrx_word' id='word_1_175' title='bbox 655 2947 862 3040; x_wconf 85' lang='grc' dir='ltr'><strong><em>πέλωρον,</em></strong></span> <span class='ocrx_word' id='word_1_176' title='bbox 842 2948 1020 3040; x_wconf 89' lang='grc' dir='ltr'><strong><em>αμήχανυν,</em></strong></span> <span class='ocrx_word' id='word_1_177' title='bbox 1044 2948 1142 3021; x_wconf 79' lang='grc' dir='ltr'><strong><em>οὐδὲν</em></strong></span> <span class='ocrx_word' id='word_1_178' title='bbox 1164 2955 1274 3038; x_wconf 78' lang='grc' dir='ltr'><strong><em>ἐοικός</em></strong></span> 
     </span>
     <span class='ocr_line' id='line_1_27' title="bbox 230 3047 1062 3171; baseline 0.004 -54"><span class='ocrx_word' id='word_1_179' title='bbox 230 3055 366 3171; x_wconf 78' lang='grc' dir='ltr'><strong><em>θνητοῖς</em></strong></span> <span class='ocrx_word' id='word_1_180' title='bbox 387 3047 586 3141; x_wconf 88' lang='grc' dir='ltr'><strong><em>ἀνθρώποις</em></strong></span> <span class='ocrx_word' id='word_1_181' title='bbox 608 3051 682 3124; x_wconf 84' lang='grc' dir='ltr'><strong><em>οὐδ’</em></strong></span> <span class='ocrx_word' id='word_1_182' title='bbox 708 3050 917 3122; x_wconf 88' lang='grc' dir='ltr'><strong><em>ἀθανάτοισι</em></strong></span> <span class='ocrx_word' id='word_1_183' title='bbox 937 3060 1062 3134; x_wconf 83' lang='grc' dir='ltr'><strong><em>θεοῖσι,</em></strong></span> 
     </span>
     <span class='ocr_line' id='line_1_28' title="bbox 233 3150 1140 3243; baseline 0.009 -26"><span class='ocrx_word' id='word_1_184' title='bbox 233 3155 319 3237; x_wconf 90' lang='grc' dir='ltr'><strong><em>σπῆι</em></strong></span> <span class='ocrx_word' id='word_1_185' title='bbox 339 3151 388 3217; x_wconf 81' lang='grc' dir='ltr'><strong><em>ἐνὶ</em></strong></span> <span class='ocrx_word' id='word_1_186' title='bbox 409 3158 576 3241; x_wconf 77' lang='grc' dir='ltr'><strong><em>γλαφυρῷ,</em></strong></span> <span class='ocrx_word' id='word_1_187' title='bbox 600 3155 700 3242; x_wconf 84' lang='grc' dir='ltr'><strong><em>θείην</em></strong></span> <span class='ocrx_word' id='word_1_188' title='bbox 720 3153 959 3243; x_wconf 79' lang='grc' dir='ltr'><strong><em>κρατερόφρον’</em></strong></span> <span class='ocrx_word' id='word_1_189' title='bbox 975 3150 1140 3240; x_wconf 76' lang='grc' dir='ltr'><strong><em>Ἔχιδναν,</em></strong></span> 
     </span>
     <span class='ocr_line' id='line_1_29' title="bbox 230 3248 1208 3376; baseline 0.006 -59"><span class='ocrx_word' id='word_1_190' title='bbox 230 3248 334 3376; x_wconf 88' lang='grc' dir='ltr'><strong><em>ῆμισυ</em></strong></span> <span class='ocrx_word' id='word_1_191' title='bbox 354 3252 429 3336; x_wconf 79' lang='grc' dir='ltr'><strong><em>μὲν</em></strong></span> <span class='ocrx_word' id='word_1_192' title='bbox 424 3252 568 3344; x_wconf 85' lang='grc' dir='ltr'><strong><em>νύμφην</em></strong></span> <span class='ocrx_word' id='word_1_193' title='bbox 590 3253 778 3325; x_wconf 78' lang='grc' dir='ltr'><strong><em>ἑλικώπιδα</em></strong></span> <span class='ocrx_word' id='word_1_194' title='bbox 799 3248 1039 3344; x_wconf 82' lang='grc' dir='ltr'><strong><em>καλλιπάρῃον,</em></strong></span> <span class='ocrx_word' id='word_1_195' title='bbox 1102 3320 1104 3324; x_wconf 33' lang='grc'><strong><em>,</em></strong></span> <span class='ocrx_word' id='word_1_196' title='bbox 1204 3326 1208 3333; x_wconf 72' lang='grc'><strong><em>,</em></strong></span> 
     </span>
    </p>
   </div>
   <div class='ocr_carea' id='block_1_7' title="bbox 167 3348 1244 3665">
    <p class='ocr_par' dir='ltr' id='par_1_10' title="bbox 167 3348 1244 3632">
     <span class='ocr_line' id='line_1_30' title="bbox 175 3348 1244 3481; baseline 0.007 -60.387"><span class='ocrx_word' id='word_1_197' title='bbox 175 3352 333 3441; x_wconf 86' lang='grc' dir='ltr'><strong><em>ῆμισυ</em></strong></span> <span class='ocrx_word' id='word_1_198' title='bbox 355 3350 388 3422; x_wconf 80' lang='grc' dir='ltr'><strong><em>δ’</em></strong></span> <span class='ocrx_word' id='word_1_199' title='bbox 413 3348 492 3424; x_wconf 82' lang='grc' dir='ltr'><strong><em>αὐτε</em></strong></span> <span class='ocrx_word' id='word_1_200' title='bbox 514 3352 711 3447; x_wconf 73' lang='grc' dir='ltr'><strong><em>πέλωρον”</em></strong></span> <span class='ocrx_word' id='word_1_201' title='bbox 691 3383 770 3481; x_wconf 76' lang='grc' dir='ltr'><strong><em>οφιγ,</em></strong></span> <span class='ocrx_word' id='word_1_202' title='bbox 794 3353 905 3426; x_wconf 88' lang='grc' dir='ltr'><strong><em>δεινόν</em></strong></span> <span class='ocrx_word' id='word_1_203' title='bbox 925 3382 961 3423; x_wconf 88' lang='grc' dir='ltr'><strong><em>τε</em></strong></span> <span class='ocrx_word' id='word_1_204' title='bbox 981 3356 1087 3444; x_wconf 81' lang='grc' dir='ltr'><strong><em>μέγαν</em></strong></span> <span class='ocrx_word' id='word_1_205' title='bbox 1106 3385 1152 3427; x_wconf 88' lang='grc' dir='ltr'><strong><em>τε.</em></strong></span> <span class='ocrx_word' id='word_1_206' title='bbox 1240 3366 1244 3372; x_wconf 71' lang='grc'><em>’</em></span> 
     </span>
     <span class='ocr_line' id='line_1_31' title="bbox 167 3453 1020 3539; baseline 0.001 -23"><span class='ocrx_word' id='word_1_207' title='bbox 167 3466 218 3518; x_wconf 89' lang='grc'><strong><em>300</em></strong></span> <span class='ocrx_word' id='word_1_208' title='bbox 232 3453 412 3514; x_wconf 79' lang='grc' dir='ltr'><strong><em>ποίκιλον’</em></strong></span> <span class='ocrx_word' id='word_1_209' title='bbox 389 3478 426 3535; x_wconf 70' lang='grc' dir='ltr'><strong><em>ωγ</em></strong></span> <span class='ocrx_word' id='word_1_210' title='bbox 414 3457 545 3537; x_wconf 85' lang='grc' dir='ltr'><strong><em>μηστήν,</em></strong></span> <span class='ocrx_word' id='word_1_211' title='bbox 567 3457 716 3539; x_wconf 75' lang='grc' dir='ltr'><strong><em>ζαθέης</em></strong></span> <span class='ocrx_word' id='word_1_212' title='bbox 700 3459 759 3521; x_wconf 86' lang='grc' dir='ltr'><strong><em>υπδ</em></strong></span> <span class='ocrx_word' id='word_1_213' title='bbox 778 3455 903 3520; x_wconf 84' lang='grc' dir='ltr'><strong><em>κεύθεσι</em></strong></span> <span class='ocrx_word' id='word_1_214' title='bbox 922 3456 1020 3537; x_wconf 85' lang='grc' dir='ltr'><strong><em>γαίης.</em></strong></span> 
     </span>
     <span class='ocr_line' id='line_1_32' title="bbox 230 3543 1076 3665; baseline 0.004 -58"><span class='ocrx_word' id='word_1_215' title='bbox 230 3543 310 3607; x_wconf 66' lang='grc' dir='ltr'><strong><em>ἔνθα</em></strong></span> <span class='ocrx_word' id='word_1_216' title='bbox 331 3545 414 3606; x_wconf 69' lang='grc' dir='ltr'><strong><em>δίζ</em></strong></span> <span class='ocrx_word' id='word_1_217' title='bbox 385 3570 413 3608; x_wconf 91' lang='grc' dir='ltr'><strong><em>οι</em></strong></span> <span class='ocrx_word' id='word_1_218' title='bbox 434 3550 559 3621; x_wconf 85' lang='grc' dir='ltr'><strong><em>σπίος</em></strong></span> <span class='ocrx_word' id='word_1_219' title='bbox 545 3552 611 3613; x_wconf 81' lang='grc' dir='ltr'><strong><em>εστὶ</em></strong></span> <span class='ocrx_word' id='word_1_220' title='bbox 631 3549 716 3613; x_wconf 84' lang='grc' dir='ltr'><strong><em>κάτω</em></strong></span> <span class='ocrx_word' id='word_1_221' title='bbox 737 3549 859 3634; x_wconf 73' lang='lat'>6066‘</span> <span class='ocrx_word' id='word_1_222' title='bbox 843 3550 903 3613; x_wconf 88' lang='grc' dir='ltr'><strong><em>υπδ</em></strong></span> <span class='ocrx_word' id='word_1_223' title='bbox 924 3549 1076 3665; x_wconf 71' lang='grc' dir='ltr'><strong><em>πάτρη</em></strong></span> 
     </span>
    </p>
   </div>
   <div class='ocr_carea' id='block_1_8' title="bbox 170 3727 1216 4648">
    <p class='ocr_par' dir='ltr' id='par_1_11' title="bbox 233 3727 1168 3823">
     <span class='ocr_line' id='line_1_33' title="bbox 233 3727 1168 3823; baseline 0.01 -26"><span class='ocrx_word' id='word_1_224' title='bbox 233 3727 347 3799; x_wconf 73' lang='grc' dir='ltr'><strong><em>ίνθΗ</em></strong></span> <span class='ocrx_word' id='word_1_225' title='bbox 332 3728 399 3823; x_wconf 88' lang='grc' dir='ltr'><strong><em>άρα</em></strong></span> <span class='ocrx_word' id='word_1_226' title='bbox 420 3731 454 3802; x_wconf 88' lang='lat'><strong><em>06</em></strong></span> <span class='ocrx_word' id='word_1_227' title='bbox 476 3732 643 3804; x_wconf 88' lang='grc' dir='ltr'><strong><em>δάσσαντο</em></strong></span> <span class='ocrx_word' id='word_1_228' title='bbox 665 3737 746 3804; x_wconf 83' lang='grc' dir='ltr'><strong><em>θεοὶ</em></strong></span> <span class='ocrx_word' id='word_1_229' title='bbox 767 3733 868 3805; x_wconf 83' lang='grc' dir='ltr'><strong><em>κλυτά</em></strong></span> <span class='ocrx_word' id='word_1_230' title='bbox 890 3734 1030 3821; x_wconf 90' lang='grc' dir='ltr'><strong><em>δώματα</em></strong></span> <span class='ocrx_word' id='word_1_231' title='bbox 1051 3737 1168 3807; x_wconf 90' lang='grc' dir='ltr'><strong><em>ναίειν.</em></strong></span> 
     </span>
    </p>

    <p class='ocr_par' dir='ltr' id='par_1_12' title="bbox 170 3824 1216 4031">
     <span class='ocr_line' id='line_1_34' title="bbox 233 3824 1216 3963; baseline 0.01 -61"><span class='ocrx_word' id='word_1_232' title='bbox 233 3831 254 3921; x_wconf 88' lang='lat'><strong><em>6</em></strong></span> <span class='ocrx_word' id='word_1_233' title='bbox 277 3831 313 3902; x_wconf 94' lang='grc' dir='ltr'><strong><em>δ</em></strong></span> <span class='ocrx_word' id='word_1_234' title='bbox 338 3833 427 3924; x_wconf 77' lang='grc' dir='ltr'><strong><em>ἔρυτ’</em></strong></span> <span class='ocrx_word' id='word_1_235' title='bbox 452 3835 501 3906; x_wconf 86' lang='grc' dir='ltr'><strong><em>είν</em></strong></span> <span class='ocrx_word' id='word_1_236' title='bbox 517 3835 743 3963; x_wconf 69' lang='grc' dir='ltr'><strong><em>Ἀρίμοισινε</em></strong></span> <span class='ocrx_word' id='word_1_237' title='bbox 726 3839 796 3907; x_wconf 89' lang='grc' dir='ltr'><strong><em>υπδ</em></strong></span> <span class='ocrx_word' id='word_1_238' title='bbox 816 3836 927 3922; x_wconf 90' lang='grc' dir='ltr'><strong><em>χθόνα</em></strong></span> <span class='ocrx_word' id='word_1_239' title='bbox 949 3841 1049 3963; x_wconf 84' lang='grc' dir='ltr'><strong><em>λυγρῆ</em></strong></span> <span class='ocrx_word' id='word_1_240' title='bbox 1062 3824 1216 3937; x_wconf 78' lang='grc' dir='ltr'><strong><em>Ἔχιδνα,</em></strong></span> 
     </span>
     <span class='ocr_line' id='line_1_35' title="bbox 170 3933 1065 4064; baseline 0.003 -56"><span class='ocrx_word' id='word_1_241' title='bbox 170 3958 220 4009; x_wconf 82' lang='grc'><strong><em>305</em></strong></span> <span class='ocrx_word' id='word_1_242' title='bbox 234 3933 408 4020; x_wconf 86' lang='grc' dir='ltr'><strong><em>ἀθάνατος</em></strong></span> <span class='ocrx_word' id='word_1_243' title='bbox 429 3937 540 4064; x_wconf 83' lang='grc' dir='ltr'><strong><em>νύμφη</em></strong></span> <span class='ocrx_word' id='word_1_244' title='bbox 562 3942 618 4009; x_wconf 77' lang='grc' dir='ltr'><strong><em>καί</em></strong></span> <span class='ocrx_word' id='word_1_245' title='bbox 640 3937 787 4030; x_wconf 82' lang='grc' dir='ltr'><strong><em>ἀγήραος</em></strong></span> <span class='ocrx_word' id='word_1_246' title='bbox 808 3935 921 4030; x_wconf 85' lang='grc' dir='ltr'><strong><em>ῆματα</em></strong></span> <span class='ocrx_word' id='word_1_247' title='bbox 943 3940 1065 4011; x_wconf 90' lang='grc' dir='ltr'><strong><em>πάντα.</em></strong></span> 
     </span>
    </p>

    <p class='ocr_par' dir='ltr' id='par_1_13' title="bbox 300 4039 1154 4173">
     <span class='ocr_line' id='line_1_36' title="bbox 300 4039 1154 4173; baseline 0.009 -67"><span class='ocrx_word' id='word_1_248' title='bbox 300 4045 350 4130; x_wconf 88' lang='lat' dir='ltr'><strong><em>T6</em></strong></span> <span class='ocrx_word' id='word_1_249' title='bbox 372 4041 411 4109; x_wconf 85' lang='lat'><strong><em>66</em></strong></span> <span class='ocrx_word' id='word_1_250' title='bbox 436 4039 598 4131; x_wconf 85' lang='grc' dir='ltr'><strong><em>Τυφάονά</em></strong></span> <span class='ocrx_word' id='word_1_251' title='bbox 620 4069 707 4170; x_wconf 78' lang='grc' dir='ltr'><strong><em>φασι</em></strong></span> <span class='ocrx_word' id='word_1_252' title='bbox 727 4041 911 4173; x_wconf 75' lang='grc' dir='ltr'><strong><em>μιγήμεναι</em></strong></span> <span class='ocrx_word' id='word_1_253' title='bbox 932 4045 966 4114; x_wconf 80' lang='grc' dir='ltr'><strong><em>ἐν</em></strong></span> <span class='ocrx_word' id='word_1_254' title='bbox 988 4042 1154 4135; x_wconf 87' lang='grc' dir='ltr'><strong><em>φιλότητι,</em></strong></span> 
     </span>
    </p>

    <p class='ocr_par' dir='ltr' id='par_1_14' title="bbox 236 4139 1204 4273">
     <span class='ocr_line' id='line_1_37' title="bbox 236 4139 1204 4273; baseline 0.011 -65"><span class='ocrx_word' id='word_1_255' title='bbox 236 4139 407 4211; x_wconf 88' lang='grc' dir='ltr'><strong><em>δεινόνθ</em></strong></span> <span class='ocrx_word' id='word_1_256' title='bbox 432 4139 684 4273; x_wconf 70' lang='grc' dir='ltr'><strong><em>ὐβριρτήντΗ</em></strong></span> <span class='ocrx_word' id='word_1_257' title='bbox 669 4141 796 4243; x_wconf 84' lang='grc' dir='ltr'><strong><em>άνομόν</em></strong></span> <span class='ocrx_word' id='word_1_258' title='bbox 816 4144 857 4215; x_wconf 76' lang='grc' dir='ltr'><strong><em>θ&gt;</em></strong></span> <span class='ocrx_word' id='word_1_259' title='bbox 882 4145 1062 4217; x_wconf 76' lang='grc' dir='ltr'><strong><em>ἑλικώπιδι</em></strong></span> <span class='ocrx_word' id='word_1_260' title='bbox 1084 4146 1204 4240; x_wconf 85' lang='grc' dir='ltr'><strong><em>κούρη·</em></strong></span> 
     </span>
    </p>

    <p class='ocr_par' dir='ltr' id='par_1_15' title="bbox 227 4238 1103 4371">
     <span class='ocr_line' id='line_1_38' title="bbox 227 4238 1103 4371; baseline 0.01 -62.052"><span class='ocrx_word' id='word_1_261' title='bbox 227 4239 252 4369; x_wconf 90' lang='lat'><strong><em>6</em></strong></span> <span class='ocrx_word' id='word_1_262' title='bbox 277 4238 349 4310; x_wconf 84' lang='lat'><strong><em>6&#39;‘</em></strong></span> <span class='ocrx_word' id='word_1_263' title='bbox 334 4246 567 4371; x_wconf 72' lang='lat'>66066066666</span> <span class='ocrx_word' id='word_1_264' title='bbox 588 4248 700 4317; x_wconf 79' lang='grc' dir='ltr'><strong><em>τέκετο</em></strong></span> <span class='ocrx_word' id='word_1_265' title='bbox 724 4246 973 4340; x_wconf 88' lang='grc' dir='ltr'><strong><em>κρατερόφρονα</em></strong></span> <span class='ocrx_word' id='word_1_266' title='bbox 994 4252 1103 4335; x_wconf 83' lang='grc' dir='ltr'><strong><em>τέκνα.</em></strong></span> 
     </span>
    </p>

    <p class='ocr_par' dir='ltr' id='par_1_16' title="bbox 173 4339 1101 4544">
     <span class='ocr_line' id='line_1_39' title="bbox 227 4339 1054 4476; baseline 0.006 -62.101"><span class='ocrx_word' id='word_1_267' title='bbox 227 4339 358 4434; x_wconf 79' lang='grc' dir='ltr'><strong><em>’Όρθον</em></strong></span> <span class='ocrx_word' id='word_1_268' title='bbox 378 4348 450 4431; x_wconf 84' lang='grc' dir='ltr'><strong><em>μὲν</em></strong></span> <span class='ocrx_word' id='word_1_269' title='bbox 459 4355 593 4441; x_wconf 79' lang='grc' dir='ltr'><strong><em>πρῶτον</em></strong></span> <span class='ocrx_word' id='word_1_270' title='bbox 611 4348 692 4420; x_wconf 89' lang='grc' dir='ltr'><strong><em>κύνα</em></strong></span> <span class='ocrx_word' id='word_1_271' title='bbox 715 4349 844 4440; x_wconf 88' lang='grc' dir='ltr'><strong><em>γείνατο</em></strong></span> <span class='ocrx_word' id='word_1_272' title='bbox 869 4356 1054 4476; x_wconf 82' lang='grc' dir='ltr'><strong><em>Γηρυονῆι·</em></strong></span> 
     </span>
     <span class='ocr_line' id='line_1_40' title="bbox 173 4443 1101 4578; baseline 0.009 -62"><span class='ocrx_word' id='word_1_273' title='bbox 173 4444 389 4536; x_wconf 75' lang='grc' dir='ltr'><strong><em>ειοδεύτερον</em></strong></span> <span class='ocrx_word' id='word_1_274' title='bbox 412 4443 506 4531; x_wconf 86' lang='grc' dir='ltr'><strong><em>αὐτις</em></strong></span> <span class='ocrx_word' id='word_1_275' title='bbox 528 4450 693 4521; x_wconf 78' lang='grc' dir='ltr'><strong><em>ἔτικτεν</em></strong></span> <span class='ocrx_word' id='word_1_276' title='bbox 674 4451 842 4578; x_wconf 73' lang='grc' dir='ltr'><strong><em>αμήχαρον</em></strong></span> <span class='ocrx_word' id='word_1_277' title='bbox 865 4449 939 4523; x_wconf 85' lang='grc' dir='ltr'><strong><em>οῦτι</em></strong></span> <span class='ocrx_word' id='word_1_278' title='bbox 961 4456 1101 4544; x_wconf 80' lang='grc' dir='ltr'><strong><em>φατειὸν</em></strong></span> 
     </span>
    </p>

    <p class='ocr_par' dir='ltr' id='par_1_17' title="bbox 236 4547 1107 4648">
     <span class='ocr_line' id='line_1_41' title="bbox 236 4547 1107 4648; baseline 0.008 -31"><span class='ocrx_word' id='word_1_279' title='bbox 236 4552 439 4641; x_wconf 80' lang='grc' dir='ltr'><strong><em>Κέρβερον,</em></strong></span> <span class='ocrx_word' id='word_1_280' title='bbox 439 4547 601 4643; x_wconf 83' lang='grc' dir='ltr'><strong><em>ώμηστῆν,</em></strong></span> <span class='ocrx_word' id='word_1_281' title='bbox 619 4552 799 4626; x_wconf 79' lang='grc' dir='ltr'><strong><em>Αλδεω</em></strong></span> <span class='ocrx_word' id='word_1_282' title='bbox 761 4583 842 4626; x_wconf 91' lang='grc' dir='ltr'><strong><em>κυνα</em></strong></span> <span class='ocrx_word' id='word_1_283' title='bbox 862 4555 1107 4648; x_wconf 87' lang='grc' dir='ltr'><strong><em>χαλκεόφωνον·</em></strong></span> 
     </span>
    </p>
   </div>
   <div class='ocr_carea' id='block_1_9' title="bbox 0 0 1520 5084">
    <p class='ocr_par' dir='ltr' id='par_1_18' title="bbox 0 0 1520 5084">
     <span class='ocr_line' id='line_1_42' title="bbox 0 0 1520 5084; baseline 0 3"><span class='ocrx_word' id='word_1_284' title='bbox 0 0 1520 5084; x_wconf 95' lang='lat' dir='ltr'><strong><em> </em></strong></span> 
     </span>
    </p>
   </div>
  </div>
 </body>
</html>
