3030 5084
493 1440 766 1518 PRAEFATIO
793 1433 1027 1511 EDITORIS.

661 1646 860 1659 .....---—·

263 1783 376 1890 (ium
405 1805 494 1905 quid
523 1802 568 1875 de
593 1801 748 1900 pristino
773 1798 1007 1897 Theogoniae
1033 1794 1365 1871 Hesiodeae'statu

161 1963 333 2036 sentirem
367 1958 408 2028 in
446 1951 625 2051 peculiari
659 1948 964 2022 commentatione
999 1947 1209 2020 academica
1247 1971 1366 2045 nuper

160 2111 211 2185 ita
238 2106 506 2206 exposuissem,
533 2112 574 2172 ut
601 2097 768 2172 codicum
794 2096 905 2169 fidem
932 2094 979 2168 ad
1005 2107 1147 2168 textum
1173 2094 1366 2169 restituen-

161 2262 250 2335 dum
278 2256 446 2332 sufficere
472 2250 690 2340 iudicarem,
718 2246 916 2319 dummodo
944 2245 989 2319 de
1015 2243 1179 2318 Hesiodo
1206 2245 1266 2318 vel
1293 2244 1366 2320 alio

162 2410 273 2482 unius
287 2406 460 2480 carminis
475 2403 553 2477 solo
568 2412 715 2473 auctore
730 2397 912 2470 somniare
926 2395 1185 2489 desineremus,
1199 2395 1297 2469 hanc
1307 2421 1366 2470 me

164 2556 382 2630 sententiam
403 2555 634 2627 firmaturum
659 2545 830 2621 essehoc
856 2545 936 2643 ipso
958 2557 1061 2619 textu
1087 2546 1247 2620 confisus
1275 2573 1367 2641 sum,

164 2730 274 2803 quem
310 2730 429 2804 neque
461 2701 694 2800 stropharum
727 2694 906 2770 divisione
937 2721 1057 2795 neque
1083 2697 1367 2773 correctionibus

165 2851 327 2925 obelisve
358 2863 533 2923 vexatum
565 2847 791 2920 eruditorum
822 2845 984 2915 examini
1010 2845 1173 2919 subiicio.
1227 2847 1369 2935 Quodsi

164 2997 205 3072 C.
231 2998 272 3071 F.
301 2998 613 3088 Schoemannum,
648 2995 770 3068 virum
802 2991 848 3064 de
880 2991 1065 3068 Hesiodea
1099 2998 1202 3094 poesi
1234 2997 1369 3096 optime

164 3144 348 3236 meritum,
372 3143 628 3238 Theogoniam
647 3153 811 3213 nostram
830 3153 872 3210 ut
885 3143 995 3213 unius
1015 3157 1144 3238 poetae
1163 3172 1311 3220 carmen
1325 3173 1371 3222 ex

166 3317 209 3364 ea
234 3292 315 3391 ipsa
341 3304 508 3365 vetustae
534 3289 655 3388 poesis
681 3286 828 3360 officina
847 3286 980 3379 Attica,
1008 3312 1053 3360 ex
1081 3315 1155 3388 qua
1174 3291 1372 3368 Homerica

167 3466 313 3537 quoque
346 3442 510 3514 carmina
543 3438 697 3514 collecta
730 3450 839 3534 atque
866 3433 1008 3534 digesta
1034 3439 1123 3514 olim
1148 3442 1370 3541 prodierant,

167 3588 365 3662 deduxisse
384 3615 460 3661 non
479 3590 619 3687 ignor0,
645 3587 945 3685 compositionem
970 3587 1119 3686 quidem
1138 3590 1372 3691 Theogoniae

170 3737 282 3809 aetati
308 3751 344 3810 et
371 3737 540 3812 officinae
566 3739 623 3811 illi
650 3737 774 3811 deberi
800 3736 920 3809 libens
948 3705 984 3810 et
1010 3738 1088 3835 ipse
1115 3741 1292 3838 concedo,
1325 3741 1370 3815 de

170 3887 375 3960 carminum
402 3902 524 3962 autem
552 3914 646 3987 quae
672 3888 711 3961 in
733 3886 947 3983 Theogonia
975 3889 1205 3963 continentur
1231 3892 1372 3992 origine

172 4032 278 4105 aliter
304 4039 437 4110 sentire
463 4065 523 4111 me
550 4039 678 4111 iubent
705 4036 859 4128 diversa,
888 4060 971 4108 cum
993 4036 1147 4112 Hesiodi
1169 4039 1372 4115 aliorumve

170 4197 377 4282 poetarum,
408 4200 487 4260 tum
519 4186 770 4285 compositoris
803 4187 1005 4261 Pisistratei
1037 4191 1269 4290 censorisque
1302 4193 1373 4292 ipsi
1413 4179 1421 4193 ’

173 4333 337 4433 aequalis
365 4335 529 4431 vestigia.
570 4337 689 4434 Igitur
715 4336 754 4408 in
780 4361 876 4408 nova
899 4335 1132 4436 Theogoniae
1158 4341 1374 4416 1111111111-

174 4483 274 4554 sione
287 4483 442 4558 Hesiodi
462 4486 690 4582 aliorumque
709 4497 900 4582 poetarum
920 4488 1080 4560 carmina
1101 4515 1154 4580 ea,
1175 4517 1220 4564 ox
1241 4491 1373 4590 quibus
