3030 5084
686 239 876 301 -7-

250 403 373 493 ταύτην
394 403 426 474 δ’
451 402 489 485 ἐξ
509 400 612 492 ἀρχῆς
628 404 731 493 τιμήν
751 403 820 488 ἔχει
841 400 910 494 ήδέ
923 407 1058 494 λέλογχε

248 513 369 596 μοῖραν
391 502 426 575 ἐν
447 502 667 594 ἀνθρώποισι
687 507 745 574 καί
766 503 974 577 ἀθανάτοισι
995 513 1122 588 θεοῖσι,
1192 520 1195 524 ’

187 630 238 680 205
250 606 457 697 παρθενίους
478 604 509 674 τ’
534 600 657 697 ὀάρους
676 606 869 699 μειδήματά
890 607 922 678 τ’
946 606 1119 692 ἐξαπάτας
1139 636 1175 681 τε
1264 644 1267 653 ·

250 709 372 803 τέρψιν
391 730 432 778 τε·
449 711 606 800 γλυκερὴν
629 707 793 800 φιλότητά
814 739 851 780 τε
871 711 1036 803 μειλιχίην
1055 739 1103 780 τε.

251 867 346 951 Τοὺς
372 866 413 942 δέ
438 869 559 965 πατὴρ
590 873 749 963 Τιτῆνας
770 866 957 962 ἐπίκλησιν
981 870 1173 951 καλέεσκον

244 985 380 1068 παῖδας
404 983 569 1060 νεικείων
592 986 707 1088 μέγας
735 985 905 1084 Οὐρανὸς
930 986 995 1086 οδς
1019 987 1122 1061 τέκεν
1148 984 1269 1089 αὐτός.

247 1100 367 1199 φάσκε
393 1102 434 1178 δέ
458 1101 689 1208 τιταίνοντας
712 1104 928 1199 ἀτασθαλίῃ
950 1105 1047 1206 μέγα
1072 1105 1171 1202 ῥέξαι

183 1237 234 1289 210
248 1223 367 1324 ἔργον,
389 1227 468 1296 τοῖο
495 1221 533 1296 δ’
560 1224 681 1298 ἔπειτα
702 1222 801 1300 τίσιν
823 1220 1056 1319 μετόπισθεν·
1074 1228 1235 1300 ἔσεσθαι.

674 1441 874 1450 ———..

168 1476 221 1534 III.

244 1570 327 1656 Νὺξ
351 1570 390 1645 δ’
411 1574 508 1646 ἔτεκε
533 1573 712 1674 στυγερόν
736 1602 776 1646 τε
800 1572 939 1671 Μόρον
964 1574 1028 1648 καὶ
1052 1581 1161 1672 Κῆρα
1184 1575 1363 1671 μέλαιναν

243 1688 306 1762 καὶ
327 1686 508 1780 Θάνατον,
531 1690 610 1765 τέκε
630 1690 671 1766 δ’
684 1690 833 1780 Ὕπνον,
856 1692 970 1766 έτικτε
991 1690 1040 1766 δέ.
1050 1701 1172 1790 φῦλον
1187 1691 1373 1791 Ὀνείρων·

244 1800 340 1866 αι’ίτινι
361 1810 547 1884 κοιμηθεῖσα
567 1807 628 1868 θιά
648 1806 713 1869 τέκε
734 1807 803 1880 Νδξ
815 1806 973 1890 ἐρεβεννή.
1183 1876 1187 1883 ,

242 1897 416 1999 δεύτερον
437 1899 488 1976 αὗ
513 1903 752 1996 Μῶμον-καλ
772 1902 900 1993 Ὀϊζδν
925 1900 1177 2005 ἀλγινόεσσαν.

179 2013 425 2095 215Ἕσπερίδας
444 2015 492 2089 θ’,
514 2011 563 2087 αἷς
581 2019 665 2095 μῆλα
685 2018 781 2099 πέρην
800 2023 913 2081 κλυτοῦ
927 2013 1085 2081 Ὠκεανοῖο

239 2109 359 2186 χρύσεα
379 2107 458 2169 καλά
477 2108 604 2186 μέλουσι
625 2107 760 2189 φέροντά
780 2134 812 2172 τε
834 2109 962 2191 δένδρεα
982 2107 1110 2191 καρπόν.

242 2201 293 2262 καί
312 2200 443 2282 Μοίρας
462 2200 513 2261 καὶ
533 2203 644 2282 Κῆρας
662 2201 796 2283 δγείνατο
817 2203 1040 2283 νηλεοποίνους,
1139 2236 1141 2241 ·

242 2294 369 2356 Κλωθώ
388 2317 422 2356 τε
440 2290 585 2372 Λάχεσίν
604 2317 635 2356 τε
655 2295 707 2357 καὶ
720 2291 880 2374 Ἄτροπον,
902 2296 974 2357 αἵτε.
985 2301 1128 2376 βροτοῖσι

241 2385 438 2468 γεινομένοισι
459 2389 599 2459 διδοῦσιν
619 2387 696 2467 ἔχειν
715 2385 838 2469 ἀγαθόν
856 2412 888 2450 τε
908 2386 1003 2461 κακόν
1022 2413 1064 2463 τε,
1089 2453 1094 2458 ,

179 2494 230 2544 220
245 2479 280 2540 αἵ
296 2479 326 2540 τ’
348 2477 470 2559 ἀνδρῶν
489 2503 521 2540 τε
541 2484 629 2566 θεαῖν
645 2504 677 2541 τε
697 2481 912 2559 παραιβασίας
931 2479 1102 2563 ἕφέπουσαι

242 2571 388 2633 οὐδέποτε
407 2569 535 2652 λήγουσι
554 2572 627 2633 θεαὶ
647 2575 758 2634 δεινοῖο
772 2568 890 2651 χόλοιο,

239 2664 311 2743 πρίν
329 2660 360 2746 γ’
382 2660 443 2725 ἀπὸ
462 2667 507 2748 τῷ
527 2661 631 2727 δώωσι
651 2664 749 2744 κακήν
768 2661 847 2738 ὄπιν,
868 2660 952 2738 όςτις
969 2663 1104 2747 ἁμάρτῃ.
1166 2699 1168 2705 ·

208 2850 217 2865 .
237 2762 334 2835 τίκτε
360 2759 400 2836 δέ,
425 2759 488 2834 καὶ
512 2761 683 2857 Νέμεσιν,
709 2768 815 2856 πῆμα
840 2766 1014 2857 θνητοῖσι
1033 2764 1218 2861 βροτοῖσι,
1288 2804 1291 2812 ·

239 2879 321 2962 Νὺξ
345 2875 449 2971 ὀλοή·
474 2878 567 2971 μετὰ
592 2878 661 2971 τὴν
686 2879 724 2952 δ’
746 2879 905 2972 Ἀπάτην
933 2881 1011 2951 τέκε
1035 2880 1100 2952 καὶ
1127 2881 1314 2979 Φιλότητα

175 3019 227 3068 εεε
241 2994 364 3094 Γῆράς
387 2995 424 3069 τ’
451 2992 665 3090 οὐλόμενον,
690 2995 753 3069 καί
772 2997 874 3093 Ἔριν
895 2997 972 3070 τέκε
996 2998 1294 3101 καρτερόθυμον.

288 3113 420 3208 Αὐτὰρ
439 3114 536 3206 Ἔρις
562 3114 718 3212 στυγερὴ
742 3116 821 3188 τέκε
844 3114 915 3209 μέν
939 3115 1071 3202 Πόνον
1095 3117 1312 3220 ἀλγινόεντα

238 3227 377 3326 Λήθην
400 3257 440 3303 τε
464 3226 592 3325 Λιμόν
617 3258 656 3302 τε
679 3229 744 3303 καὶ
760 3230 887 3331 Ἄλγεα
914 3231 1155 3330 δακρυόεντα,

231 3348 404 3445 Ὑσμίνας
425 3377 465 3420 τε
491 3344 640 3430 Φόνους
664 3376 716 3437 τε,
743 3346 885 3443 Μάχας
909 3348 946 3422 τ’
967 3348 1252 3448 Ἀνδροκτασίας
1278 3386 1328 3446 τε,

237 3465 369 3542 Νείκεά
394 3497 433 3540 τε
465 3464 605 3542 Ψεάδέα
629 3495 670 3540 τε
690 3462 844 3568 Λόγους
861 3467 1100 3571 Ἀμφιλογίας
1125 3482 1177 3566 τε,

173 3605 226 3658 230
240 3583 452 3679 Δυςνομίην
467 3584 575 3678 Ἄτην
597 3613 648 3673 τε,
676 3583 863 3680 συνήθεας
885 3583 1127 3680 ἀλλήλοισιν,Ι

226 3706 366 3802 Ὅρκον
390 3700 448 3791 θ’,
475 3702 514 3784 ὃς
540 3701 586 3798 δὴ
613 3707 784 3776 πλεῖστον
809 3702 1045 3796 ἐπιχθονίους
1071 3706 1298 3805 ἀνθρώπους

232 3822 425 3919 πημαίνει,
442 3821 504 3895 ὅτε
523 3822 588 3896 κέν
612 3850 666 3904 τις
689 3809 786 3898 ἑκτὸν
812 3822 983 3919 ἐπίορκον
1008 3821 1160 3919 ὀμόσσῃ.

662 4019 863 4029 ——----

160 4064 209 4125 IV.
780 4120 783 4125 .

238 4155 361 4252 Νηρέα
388 4156 426 4231 δ’
455 4154 622 4255 ἀψεύδεα
646 4153 709 4236 καὶ,
735 4153 876 4250 ἀληθέα
901 4157 1050 4258 γείνατο
1076 4155 1237 4250 Πόντος,

234 4270 491 4372 πρεσβύτατον
515 4275 681 4350 παίδων·
710 4273 829 4370 αὐτάρ
855 4275 1023 4351 καλέουσι
1043 4275 1217 4377 γέροντα,

171 4413 222 4466 235
237 4394 370 4469 οὕνεκα
397 4383 574 4492 νημερτής
599 4380 638 4468 τε
662 4391 725 4467 καὶ
749 4393 865 4488 ήπιυς,
894 4394 981 4469 οὐδὲ
1008 4393 1199 4491 θεμίστων

234 4512 399 4608 λήθεται,
426 4512 517 4587 ἀλλά
544 4512 669 4589 δίκαια
694 4513 757 4589 καὶ
781 4514 869 4608 ἤπια
896 4511 1008 4610 δήνεα
1033 4514 1148 4591 οἶδεν·
