3030 5084
682 305 724 318 ..
768 270 894 334 26..

266 434 459 535 ἀνδράσιν,
486 441 522 510 οἳ
546 438 683 530 κείνῃσι
711 437 966 515 συνάντωνται
991 441 1086 514 κατὰ
1113 441 1261 518 πόντον.

269 559 307 629 αἱ
333 556 373 629 δ’
402 552 452 628 αὗ
475 554 538 628 καὶ
562 555 656 629 κατά
681 562 796 656 γαῖαν
816 557 1016 656 ἀπείριτον,
1043 559 1314 655 ἀνθεμόεσσαν,

267 675 345 776 ἔργ’
372 672 484 777 ε’ρατδ
511 674 711 772 φθείρουσι
732 677 989 776 χαμαιγενέων
1012 675 1240 775 ἀνθρώπων,

204 810 255 862 880
269 799 491 887 πιμπλεῦσαι
514 790 637 874 κόνιός
661 819 700 865 τε
725 793 788 866 καῖ
812 794 995 895 ἀργαλέου
1020 803 1255 893 κολοσυρτοῦ.

189 1135 265 1193 XIV.

301 1220 439 1312 -Αύτάρ
462 1216 603 1313 έπείρα
624 1221 731 1292 πόνον
751 1220 898 1311 μάκαρες
918 1228 1000 1294 θεοῖ
1022 1225 1244 1308 ἐξετέλεσσαν,

272 1324 448 1414 Τιτήνεσσι
470 1328 507 1393 δέ
529 1323 657 1410 τιμάων
679 1323 830 1412 κρίναντο
852 1321 963 1414 βίηφι,

269 1427 308 1517 δή
330 1436 374 1514 ῥα
397 1422 468 1493 τότ’
494 1421 637 1514 ἀίτρυνον
657 1427 878 1513 βασιλευέμεν
899 1423 960 1515 ήδέ
982 1424 1140 1499 ἀνάσσειν

267 1529 372 1616 Γαίης
395 1526 668 1618 φραδμοσύνῃσιν
687 1525 871 1610 Ὀλύμπιον
893 1526 1044 1618 εὐρύοπα
1068 1537 1138 1620 Ζήν

204 1656 254 1704 885
268 1626 465 1699 ἀθανάτων·
491 1626 509 1697 ὃ
534 1630 572 1698 δέ
593 1635 700 1697 τοῖσιν
722 1627 761 1696 έδ
782 1625 986 1697 διεδάσσατο
1007 1631 1117 1715 τιμάς.

314 1735 408 1816 Ζεύς
435 1731 475 1807 δέ
498 1738 601 1807 θεαῖν
621 1731 795 1829 βασιλεὺς
820 1729 971 1825 πριότην
995 1734 1131 1826 ἄλοχον
1146 1739 1234 1812 θέτο
1249 1748 1390 1835 Μῆτιν,

265 1859 415 1926 πλεῖστα
436 1854 540 1925 θεαῖν
565 1849 707 1923 εἰδυῖαν
731 1844 785 1921 ἰδέ
809 1849 961 1940 θνητῶν
986 1848 1211 1945 ἀνθρώπων.

269 1965 347 2036 ἀλλ’
372 1965 429 2032 ότε
451 1963 492 2052 δή
516 1962 550 2050 ῥ’
574 1960 696 2053 ἤμελλε
718 1965 807 2031 θεάν
828 1967 1022 2052 γλαυκῶπιν
1037 1960 1185 2057 Ἀθήνην

265 2072 435 2151 τέξεσθαι,
457 2063 530 2134 τότ’
555 2066 673 2135 ἔπειτα
696 2063 786 2153 δόλῳ
810 2068 933 2155 φρένας
956 2066 1170 2157 ἐξαπατήσας

153 2195 157 2201 ’
202 2195 254 2245 890
266 2169 453 2254 αἱμυλίοισι
475 2164 626 2255 λόγοισιν
648 2165 706 2256 ἑήν
728 2165 912 2254 ἐγκάτθετο
935 2170 1042 2257 νηδύν,

264 2271 367 2361 Γαίης
389 2267 646 2358 φραδμοσύνῃσι
667 2271 725 2336 καὶ
749 2266 901 2355 Ούρανού
924 2268 1154 2359 ἀστερόεντος·

264 2375 329 2453 τως
351 2369 412 2460 γάρ
436 2369 469 2438 οῖ
489 2368 672 2460 φρασάτην,
694 2371 750 2437 ἵνα
771 2371 816 2459 μή
843 2373 1026 2460 βασιληίδα
1047 2377 1146 2464 τιμήν

265 2470 366 2554 ἀλλος
389 2471 443 2562 ἔχη
466 2473 553 2552 Διὸς
575 2469 650 2540 ἀντὶ
670 2477 763 2540 θεαῖν
785 2470 1028 2562 αἰειγενετάων.

261 2582 301 2651 ἐκ
323 2576 397 2679 γάρ
424 2584 487 2671 τῆς
512 2580 664 2674 εἵμαρτο
691 2576 897 2674 περίφρονα
923 2580 1032 2653 τέκνα
1052 2561 1253 2680 γενέσθαι·

199 2717 249 2767 895
263 2692 414 2794 πρώτην
437 2693 507 2788 μὲν
530 2692 670 2790 κούρην
693 2693 937 2794 γλαυκώπιδα
967 2700 1221 2797 Τριτογένειαν

260 2815 342 2888 ἶσον
367 2814 526 2907 έχουσαν
549 2811 662 2909 πατρὶ
685 2812 794 2907 μένος
819 2811 882 2885 καὶ
907 2811 1088 2911 ἐπίφρονα
1113 2815 1268 2912 βουλήν,

263 2929 382 3027 αύτάρ
407 2929 520 3004 ἔπειτ’
549 2929 621 3026 ἀρα
647 2930 763 3004 παῖδα
789 2934 893 3004 θεαῖν
916 2933 1077 3027 βασιλῆα
1103 2933 1166 3005 καὶ
1191 2935 1340 3033 ἀνδρῶν

261 3052 413 3145 ἤμελλεν
438 3047 620 3133 τέξεσθαι,
645 3044 824 3140 ὑπέρβιον
849 3043 937 3142 ἦτορ
965 3049 1106 3139 ἔχοντα.

263 3165 345 3241 ἀλλ’
374 3164 447 3261 ἀρα
473 3192 539 3258 μιν
562 3162 656 3243 Ζεύς
682 3159 849 3258 πρόσθεν
875 3161 938 3257 ἑὴν
962 3163 1165 3264 ἐγκάτθετο
1187 3163 1317 3258 νηδύν,

199 3285 314 3369 εοοὼς
341 3281 387 3378 δή
412 3283 448 3356 οί
474 3278 681 3380 φράσσαιτο
707 3280 780 3353 θεά
807 3281 958 3381 ἀγαθόν
983 3311 1021 3354 τε
1046 3278 1162 3356 κακόν
1186 3311 1235 3355 τε.

312 3399 494 3496 Δεύτερον
512 3391 680 3497 ἠγάγετο
696 3399 853 3493 λιπαρὴν
882 3399 1005 3491 Θέμιν,
1031 3399 1054 3490 ἢ
1080 3398 1182 3469 τέκεν
1197 3396 1326 3493 Ὥρας,

261 3515 451 3612 Εύνομίην
476 3543 514 3587 τε
540 3513 657 3606 Δίκην
681 3539 720 3584 τε
746 3511 809 3585 καὶ
834 3511 994 3611 Εἰρήνην
1018 3518 1236 3608 τεθαλυῖαν,

262 3636 338 3711 αἵτ’
366 3631 442 3735 ἔργ’
471 3629 651 3728 ὠρεύουσι
674 3634 943 3728 καταθνητοῖσι
967 3634 1153 3730 βροτοῖσι·

260 3753 411 3852 Μοίρας
436 3750 496 3840 θ’,
522 3743 564 3842 ᾗς
589 3748 759 3842 πλείστην
783 3750 894 3844 τιμήν
917 3749 1006 3845 πόρε
1031 3749 1183 3844 μητίετα
1209 3748 1314 3838 Ζεύς,

199 3867 416 3946 ωεΚλωθιό
441 3897 480 3941 τε
505 3865 672 3960 Λάχεσίν
695 3896 735 3938 τε
760 3867 823 3939 καὶ
840 3868 1033 3964 Ἄτροπον,
1061 3869 1139 3938 αῖτε
1165 3866 1312 3940 διδοῦσι

262 3993 415 4084 θνητοῖς
440 3983 696 4081 ἀνθρώποισιν
721 3987 814 4079 ἔχειν
841 3984 991 4087 ἀγαθόν
1015 4013 1053 4057 τε
1077 3982 1193 4057 κακόν
1216 4013 1265 4057 τε.

315 4112 418 4204 Τρεῖς
444 4105 489 4179 δέ
511 4105 546 4176 οἱ
570 4085 770 4200 Εύρυνόμη
798 4100 966 4199 Χάριτας
990 4103 1068 4175 τέκε
1093 4100 1381 4198 καλλιπαρῄους,

256 4227 436 4299 Ὠκεανοῦ
460 4220 574 4319 κούρη
599 4219 833 4319 πολυήρατον
858 4220 953 4301 εἶδος
979 4224 1125 4314 ἔχουσα,

254 4342 423 4445 Ἀγλαΐην
447 4339 573 4414 τεκαὶ
601 4337 849 4438 Εὐφροσύνην
879 4338 1014 4432 θαλίην
1038 4339 1075 4412 τ’
1103 4336 1298 4435 ἐρατεινήν.

201 4465 327 4532 υιοτιῖν
350 4458 406 4525 καὶ
428 4454 498 4526 ἀπὸ
520 4454 698 4546 βλεφάρων
720 4455 794 4543 ἔρος
815 4453 923 4539 εῖβετο
947 4452 1184 4543 δερκομενάων.

263 4557 439 4638 λυσιμελής·
460 4557 553 4621 καλὸν
574 4558 609 4618 δέ
626 4556 664 4620 θ’
685 4553 740 4618 ὑπ’
763 4553 877 4642 ύφρύσι
898 4553 1104 4634 δερκιόωνται.
