3038 5100
725 271 938 335 ..18-

306 440 456 539 ήματίαι
485 437 697 528 σπεύδουσι,
723 439 861 513 τιθεῖσί
885 470 922 512 τε
949 440 1057 538 κηρία
1084 444 1206 532 λευκὰ,

308 563 343 634 οἱ
369 560 406 634 δ’
434 561 588 632 έντοσθε
613 558 782 652 μένοντες
809 558 1007 655 ἐπηρεφέας
1031 562 1125 634 κατά
1153 560 1345 659 σίμβλους,

308 675 510 773 ἀλλοτρίων
535 673 704 768 κάματον
729 677 908 772 σφετέρην
933 679 968 758 ές
988 677 1139 776 γαστέρ’
1168 678 1351 774 ἀμαῖνται·

247 816 297 868 εοο
311 797 361 877 ὣς
388 794 412 867 δ
417 794 427 819 ’
456 793 578 875 αὕτως
603 792 777 890 ἄνδρεσσι
802 794 917 868 κακὸν
942 797 1114 890 θνητοῖσι
1138 803 1319 896 γυναῖκας

310 912 403 993 Ζεύς
429 910 677 1008 ὑψιβρεμέτης
702 914 810 1006 θῆκε,
837 910 1014 1007 ξυνήονας
1040 915 1160 1013 έργων

311 1028 511 1129 ἀργαλέων.
553 1030 678 1124 ἕτερον
703 1026 744 1103 δὲ
767 1028 880 1125 πόρεν
903 1030 1019 1105 κακὸν
1043 1031 1127 1105 ἀντ’
1154 1032 1335 1132 ἀγαθοῖο·

310 1148 350 1230 ὅς
374 1174 414 1219 κε
439 1142 564 1246 γάμον
590 1144 742 1246 φεύγων
766 1147 828 1219 καὶ
853 1149 1016 1245 μέρμερα
1042 1149 1131 1250 ἔργα
1154 1159 1346 1250 γυναικοῖν

310 1264 361 1360 μὴ
386 1270 500 1363 γῆμαι
527 1264 647 1356 ἐθέλῃ,
675 1262 783 1336 ὀλοὸν
807 1262 847 1337 δ’
874 1264 933 1338 ἐπὶ
954 1272 1069 1365 γήρας
1093 1271 1227 1362 ἵκηται,

250 1403 300 1455 605
310 1379 411 1478 χήτει
434 1378 672 1481 γηροκόμοιο,
698 1380 759 1480 ὅγ’
786 1380 832 1454 οά
856 1380 990 1476 βίοτον
1016 1384 1181 1482 ἐπιδευής

312 1497 408 1591 ζιόει,
435 1496 699 1596 ἀποφθιμένου
726 1494 767 1570 δὲ
793 1496 855 1569 διά
881 1506 1009 1593 κτῆσιν
1036 1501 1229 1577 δατέονται

307 1614 507 1712 χηρωσταί.
549 1608 580 1711 ῷ
603 1612 628 1686 δ
632 1612 642 1639 ³
667 1609 755 1687 αύτε
779 1611 905 1714 γάμου
930 1617 1023 1712 μετὰ
1049 1625 1164 1718 μοῖρα
1188 1622 1347 1720 γένηται,

309 1730 442 1827 κεδνήν
466 1730 506 1805 δ’
532 1732 635 1824 έσχεν
660 1732 813 1821 ἀκοιτιν,
841 1733 1024 1830 ἀρηρυῖαν
1047 1737 1279 1833 πραπίδεσσι,

309 1859 362 1924 τῷ
388 1850 433 1923 δέ
453 1849 492 1922 τ’
519 1847 586 1921 ἀπ’
614 1852 747 1932 αἰῶνος
768 1847 885 1922 κακὸν
910 1852 1034 1946 έσθλῷ
1060 1852 1280 1950 ἀντιφερίζει

152 2019 158 2029 ·
249 1989 300 2040 οιο
314 1971 485 2064 ἔμμεναι·
512 1966 551 2046 ὃς
577 1964 623 2038 δέ
643 1993 683 2037 κε
707 1966 819 2060 τέτμῃ
845 1965 1065 2064 ἀταρτηροῖο
1088 1971 1277 2069 γενέθλης,

313 2082 396 2177 ζώει
421 2083 475 2159 ε’νὶ
501 2081 700 2177 στήθεσσιν
727 2084 823 2176 έχων
848 2083 1024 2161 ἀλίαστον
1050 2086 1158 2183 ἀνίην

309 2209 426 2300 θυμῷ
451 2199 515 2275 καὶ
538 2191 685 2297 κραδίῃ,
710 2200 773 2273 καὶ
799 2199 1000 2296 ἀνήκεστον
1023 2201 1138 2279 κακόν
1164 2208 1271 2279 ἐστιν.

373 2465 438 2550 Ὣς
460 2465 520 2536 οάκ
542 2465 613 2538 έστι
635 2470 721 2548 Διὸς
742 2473 870 2562 κλέψαι
888 2471 964 2541 νόον
987 2471 1067 2543 οὐδὲ
1089 2479 1283 2563 παρελθεῖν.

315 2569 394 2640 οὐδὲ
416 2571 478 2660 γάρ
498 2567 740 2658 Ἰαπετιονίδης
761 2569 910 2661 ἀκάκητα
932 2577 1137 2664 Προμηθεύς

251 2671 386 2749 615τοῖό
408 2670 442 2762 γ’
466 2667 651 2762 ὑπεξήλυξε
671 2675 777 2760 βαρύν
796 2674 905 2757 χόλον,
929 2673 1005 2743 ἀλλ’
1029 2674 1090 2744 ὑπ’
1114 2674 1255 2765 ἀνάγκης

312 2777 369 2843 καὶ
389 2771 569 2861 πολύιδριν
590 2771 687 2843 ἐόντα
706 2775 813 2864 μέγας
834 2776 918 2843 κατὰ
942 2778 1064 2861 δεσμός
1086 2775 1205 2865 ε’ρύκει.

734 3025 935 3034 ———

231 3155 282 3213 XI,

379 3241 585 3342 Ὀβριάρεφ
611 3241 636 3315 δ
639 3242 649 3267 ’
677 3242 727 3324 αῖς
751 3249 880 3338 πρῶτα
906 3244 1025 3342 πατὴρ
1052 3243 1247 3321 ιάδύσσατο
1273 3255 1389 3346 θυμῷ

308 3361 440 3459 Κόττῳ
465 3361 504 3435 τ’
529 3359 594 3457 ἠδέ
620 3358 712 3452 Γύῃ,
738 3360 826 3454 δῆσε
851 3370 1016 3459 κρατερῷ
1042 3364 1095 3437 ε’νὶ
1121 3365 1258 3461 δεσμῷ,

306 3479 461 3575 ήνορέην
485 3476 691 3572 ύπέροπλον
715 3474 905 3574 ἀγιόμενος
930 3478 995 3572 ήδέ
1019 3478 1082 3553 καὶ
1107 3481 1203 3565 εἶδος

246 3593 373 3670 οκοκαὶ
395 3594 571 3695 μέγεθος·
595 3581 798 3666 κατένασσε
821 3592 846 3667 δ
849 3594 859 3618 ³
888 3595 960 3669 ἀπὸ
981 3600 1125 3692 χθονὸς
1149 3598 1367 3696 εὐρυοδείης.

309 3712 394 3789 ἔνθ’
422 3709 496 3812 οἵγ’
523 3709 626 3810 ἄλγε’
654 3711 796 3804 ἔχοντες
819 3712 892 3786 ὑπὸ
914 3714 1031 3807 χθονί
1055 3713 1282 3795 ναιετάοντες

308 3829 404 3903 εἵατ’
431 3827 492 3903 ἐπ’
519 3831 666 3923 ἐσχατιῇ
690 3824 850 3927 μεγάλης
871 3833 912 3903 ἐν
934 3830 1079 3929 πείρασι
1102 3830 1223 3930 γαίης,

307 3945 409 4042 δηθά
436 3942 539 4042 μόλ’,
567 3943 780 4041 ἀχνύμενοι,
804 3945 937 4042 κραδίῃ
961 3948 1056 4048 μέγα
1081 3949 1219 4033 πένθος
1244 3953 1395 4045 ἔχοντες.

221 4060 224 4067 ’
303 4062 395 4139 ἀλλά
420 4089 534 4162 σφεας
559 4064 742 4160 Κρονίδης
767 4092 805 4135 τε
831 4064 893 4138 καὶ
918 4065 1104 4142 ἀθάνατοι
1130 4068 1215 4142 θεοῖ
1241 4071 1353 4157 ἀλλοι,

243 4205 293 4255 ωε
309 4185 373 4266 οὓς
397 4183 498 4257 τέκεν
522 4176 684 4276 ἠύκομος
705 4181 799 4275 Ῥείη
824 4181 972 4279 Κρόνου
998 4190 1038 4260 ἐν
1064 4185 1242 4284 φιλότητι,

305 4300 418 4396 Γαίης
444 4300 752 4398 φραδμοσύνῃσιν
777 4299 966 4401 ἀνήγαγον
991 4307 1026 4386 ἐς
1052 4301 1148 4402 φάος
1172 4303 1287 4381 αὖτις·

306 4418 399 4513 αὐτὴ
423 4416 497 4518 γάρ
523 4443 612 4515 σφιν
637 4418 783 4492 ἅπαντα
809 4417 998 4513 διηνεκέως
1023 4425 1196 4515 κατέλεξε,

304 4536 374 4610 σὺν
396 4535 527 4619 κείνοις
551 4534 658 4630 νίκην
681 4564 720 4607 τε
745 4535 807 4608 καὶ
832 4535 974 4637 ἀγλαὸν
999 4536 1103 4633 εὖχος
1125 4535 1292 4629 ἀρέσθαι.
