3030 5084
656 223 867 289 ,23-

220 394 355 475 Ὕπνος
379 391 442 466 καὶ
468 389 645 480 θάνατος,
672 391 787 466 δεινοὶ
809 392 912 465 θεοί·
940 392 1136 468 οὐδέποτ’
1164 395 1300 477 αὐτοὺς

169 530 219 580 760
230 510 367 592 Ἠέλιος
393 511 550 608 φαέθων
576 507 798 603 ἐπιδέρκεται
818 508 1032 587 ,ἀκτίνεσσιν
1128 564 1131 569 -

231 626 393 725 οὐρανὸν
417 627 595 716 εέςανιών,
619 625 703 699 οὐδ’
729 625 940 722 οὐρανόθεν
966 628 1218 723 καταβαίνων.

229 752 306 818 ταῖν
328 747 448 843 ἐτερος
472 743 541 840 μέν
564 749 635 844 γῆν
659 769 698 815 τε
722 742 786 816 καῖ
809 743 917 841 εὐρέα
942 751 1043 819 ναῖτα
1069 742 1260 841 θαλάσσης

224 863 358 957 ἥσυχος
385 862 627 959 ἀνστρέφεται
650 858 713 933 καὶ
736 861 897 955 μείλιχος
921 860 1172 960 ἀνθρώποισι,

224 988 293 1053 τοῦ
319 979 359 1054 δέ
387 979 535 1077 σιδηρέη
559 977 629 1075 μὲν
652 977 796 1075 κραδίη,
818 977 978 1074 χάλκεον
1001 979 1046 1053 δέ
1070 981 1104 1055 οἱ
1129 976 1218 1074 ἦτορ

165 1113 214 1165 765
228 1096 347 1192 νηλεές
372 1102 412 1172 ἐν
437 1096 651 1194 στήθεσσιν·
678 1099 749 1191 ἔχει
775 1095 813 1170 δ’
841 1098 885 1183 δν
909 1105 1038 1194 πραῖτα
1065 1095 1222 1193 λάβῃσιν

227 1212 456 1310 ἀνθρώπων,
481 1214 617 1312 ἐχθρὸς
643 1213 684 1287 δέ
707 1213 770 1287 καὶ
795 1212 1021 1290 ἀθανάτοισι
1047 1218 1201 1289 θεοῖσιν.

266 1332 386 1407 Ἔνθα
412 1337 507 1405 θεοῦ
528 1331 691 1426 χθονίου
716 1329 885 1426 πρόσθεν
909 1330 1019 1425 δόμοι
1044 1330 1224 1427 ἠχήεντες,

223 1450 387 1545 ἰφθίμου
412 1448 598 1524 τ’Ἅίδεω
624 1446 686 1520 κοιλ
711 1451 858 1543 ἐπαινῆς
883 1451 1168 1547 Περσεφονείης,

223 1570 385 1655 ἑστᾶσιν,
412 1567 529 1647 δεινὸς
554 1565 594 1649 δέ
618 1563 722 1638 κύων
747 1562 978 1659 προπάροιθε
1004 1565 1199 1665 φυλάσσει,

162 1700 212 1751 770
226 1684 378 1778 νηλειὴς,
406 1685 538 1778 τέχνην
563 1681 604 1755 δέ
628 1681 746 1777 κακὴν
771 1683 859 1775 ἔχει·
887 1685 922 1764 ἐς
946 1681 1016 1776 μέν
1040 1684 1163 1766 ἐόντας

223 1800 339 1875 σαίνει
365 1802 466 1897 ὅμως
491 1800 583 1896 οὐρῇ
608 1830 647 1872 τε
672 1799 734 1872 καὶ
761 1799 893 1872 οὔασιν
919 1800 1197 1898 ἀμφοτέροισιν,

225 1922 386 2001 ἐξελθεῖν
412 1920 451 1992 δ’
478 1919 546 1991 οὐκ
566 1914 670 1998 αὐτις
696 1921 738 2012 ἐᾷ
763 1916 886 2007 πάλιν,
914 1916 1005 1991 ἀλλά
1032 1916 1198 1993 δοκεύων

222 2035 338 2108 ἐσθίει
364 2037 408 2110 όν
430 2064 470 2109 κε
497 2031 631 2128 λάβῃσι
657 2034 803 2107 πυλέων
827 2036 1005 2109 ἔκτοσθεν
1028 2033 1144 2110 ἐόντα.

221 2151 357 2231 ἰφθίμου
376 2149 407 2212 τ’
425 2148 531 2211 Ἀίδεω
551 2149 602 2209 καλ
623 2147 747 2226 ἐπαινῆς
767 2148 1005 2230 Περσεφονείης.

159 2271 208 2322 775
265 2253 385 2328 Ἔνθα
411 2252 451 2327 δὲ
475 2249 632 2326 ναιετάει
657 2251 812 2351 στυγερὴ
838 2252 928 2334 θεὸς
959 2249 1208 2346 ἀνθρώποισι,

219 2370 319 2465 δεινὴ
344 2371 461 2459 Στύξ,
487 2367 659 2468 θυγάτηρ
686 2367 878 2465 ἀφορρόου
900 2371 1089 2444 Ὠκεανοῖο

220 2485 465 2585 πρεσβυτάτη.
491 2485 629 2584 νόσφιν
653 2484 694 2559 δέ
719 2490 822 2561 θεῶν
845 2489 960 2560 κλυτὰ
987 2483 1145 2582 δώματα
1170 2484 1264 2560 ναίει
1298 2532 1300 2535 ·

220 2614 403 2706 μακρῇσιν
429 2605 577 2702 πέτρῃσι
601 2604 817 2701 κατηρεφέ’·
845 2604 944 2703 ἀμφὶ
968 2605 1009 2679 δέ
1033 2602 1154 2696 πάντῃ

217 2724 336 2801 κίοσιν
361 2723 571 2824 ἀργυρέοισι
595 2721 686 2820 πρὸς
712 2721 874 2820 οὐρανὸν
899 2717 1115 2820 ἐστήρικται.

157 2857 208 2909 780
220 2849 346 2938 παῦρα
371 2840 411 2914 δέ
440 2838 658 2932 Θαύμαντος
682 2837 855 2938 θυγάτηρ
878 2839 996 2921 πόδας
1023 2839 1117 2912 ώκέα
1134 2834 1220 2934 Ἶρις

217 2956 387 3058 ἀγγελίης
409 2963 585 3029 πωλεῖται
611 2955 671 3028 ἐπ’
697 2954 805 3051 εὐρέα
830 2961 932 3028 νῶτα
958 2953 1164 3049 θαλάσσης,

220 3073 353 3146 ὁππότ’
383 3078 454 3169 ἐρις
478 3073 542 3146 καὶ
562 3078 680 3154 νεῖκος
705 3076 745 3146 ἐν
771 3071 1019 3148 ἀθανάτοισιν
1044 3073 1209 3171 ὄρηται,Ι

216 3189 282 3263 καί
306 3189 343 3284 ῥ’
370 3190 462 3272 όςτις
488 3185 670 3286 ψεύδηται
688 3185 870 3283 Ὀλύμπια
897 3187 1042 3283 δώματ’
1071 3190 1248 3282 ἐχόντων·

213 3307 308 3388 Ζεύς
333 3307 380 3380 δέ
399 3337 437 3380 τε
454 3304 545 3403 Ἶριν
569 3308 707 3403 έπεμψε
729 3310 833 3380 θεαῖν
856 3306 976 3406 μέγαν
1002 3306 1114 3403 ὅρκον
1139 3310 1271 3380 ἐνεῖκαι

156 3447 206 3496 785
219 3425 378 3519 τηλόθεν
402 3430 442 3498 ἐν
464 3423 601 3522 χρυσέῃ
625 3421 786 3521 προχόῳ,
812 3421 1061 3518 πολυώνυμον
1086 3423 1203 3522 ύδωρ,

218 3542 380 3640 ψυχρὸν,
407 3542 462 3614 ὅτ’
491 3547 530 3614 ἐκ
555 3543 685 3636 πέτρης
708 3528 963 3638 καταλείβεται
987 3541 1193 3639 ἠλιβάτοιο,

218 3661 379 3756 ὐφηλῆς.
404 3659 540 3735 πολλὸν
565 3660 610 3733 δέ
627 3661 676 3733 θ’
701 3661 773 3734 ὐπὸ
796 3661 939 3755 χθονὸς
963 3658 1171 3756 εὐρυοδείης

223 3783 262 3861 ἐξ
285 3780 386 3874 ἱεροῦ
406 3784 589 3873 ποταμοῖο
616 3778 685 3873 ῥέει
711 3778 773 3852 διά
800 3777 918 3853 νύκτα
944 3778 1122 3874 μέλαιναν

215 3895 405 3970 Ὠκεανοῖο
429 3896 557 3994 κέρας·
585 3895 719 3991 δεκάτη
746 3897 783 3972 δ’
812 3896 870 3969 ἐπὶ
894 3903 1007 3994 μοῖρα
1033 3894 1218 3969 δέδασται.

158 4032 209 4083 790
223 4015 326 4086 ἐννέα
351 4016 421 4110 μὲν
445 4015 528 4113 περὶ
548 4021 620 4114 γῆν
644 4045 682 4087 τε
708 4014 770 4088 καὶ
795 4015 900 4113 εὐρέα
927 4023 1028 4089 ναῖτα
1054 4011 1246 4108 θαλάσσης

216 4131 320 4223 δίνῃς
346 4133 524 4233 ἀργυρέῃς
551 4134 750 4235 εἱλιγμένος
776 4138 824 4216 εἷς
852 4134 922 4206 ἀλα
949 4130 1084 4218 πίπτει,

217 4251 240 4344 ἡ
268 4248 309 4324 δέ
333 4249 391 4344 μί’
418 4256 458 4324 ἐκ
482 4251 612 4348 πέτρης
637 4253 780 4350 προρέει
805 4252 900 4351 μέγα
927 4257 1029 4343 πῆμα
1057 4253 1209 4323 θεοῖσιν.

219 4368 259 4450 ὅς
283 4397 346 4443 κεν
372 4368 440 4463 τὴν
464 4366 646 4466 ἐπίορκον
659 4369 861 4466 ἀπολείφας
889 4363 1076 4461 ἐπομόσσῃ

222 4485 429 4563 ἀθανάτων
455 4491 491 4559 οἳ
516 4491 638 4582 έχουσι
664 4488 758 4587 κάρη
785 4486 973 4585 νιφόεντος
995 4481 1197 4578 Ὀλύμπου,
