3030 5084
913 198 983 235 ol,
1048 198 1093 245 ,γ’

658 323 699 334 .-
742 284 782 353 37
827 323 870 333 -
1066 256 1084 287 ³

156 459 186 522 τ’
209 428 417 541 {caprificos
437 458 473 518 G.
492 458 526 515 L.
547 476 581 515 ex
601 456 672 515 M1.
694 451 752 513 mlv
773 450 806 512 δ’
829 406 987 529 ἄνεμοίὴτῖ
1009 446 1116 520 ξ’κοσίς
1128 471 1160 510 τε
1177 448 1280 525 κονίην
1293 444 1365 527 ico.

158 555 288 613 Schoem.
339 556 405 615 707.
421 555 476 613 708
489 548 588 609 omissi
600 549 630 606 in
644 550 710 608 Par.
722 549 754 606 F.
769 546 860 624 spurii
872 546 1040 605 videbantur
1053 544 1260 604 Schoemanno.
1308 543 1365 602 709

159 648 195 706 al.
216 642 358 722 κόναβος.
434 639 568 720 ἄτλητος
587 642 681 719 Etym.
702 642 744 698 M.
765 641 871 699 Muetz.
891 639 990 697 Herm.
1012 631 1170 713 ἄπληστος
1189 635 1321 694 Zonaras.

236 759 386 818 720-735
401 757 461 814 sine
476 758 541 815 721.
556 756 620 815 731.
660 754 718 812 720
737 749 772 808 al.
787 746 901 807 τόσσον
919 741 952 804 d'
968 735 1007 806 αὖ
1023 743 1084 806 ἀπὸ
1104 743 1194 822 γαίης
1213 742 1245 813 (ς
1267 736 1364 818 Τάρτ.

159 843 401 926 ηἐρ.νο1τόοσοκ
413 842 473 925 γάρ
490 842 530 906 τ’.
542 845 723 905 damnaverat
735 842 764 899 h.
776 861 801 899 v.
815 840 1013 900 Ruhnkenius.
1054 841 1207 902 721-723
1221 837 1324 895 desunt
1335 833 1365 891 in

160 941 224 1000 V2.
249 943 343 1001 Emm.
364 945 420 1002 723
441 948 470 999 et
487 944 545 1001 724
562 939 592 997 in
613 939 700 995 Taur.
720 937 754 994 M
764 938 793 994 3.
812 935 877 994 Vl.
903 934 1022 992 Versum
1044 937 1098 994 721
1118 932 1184 990 vide
1209 929 1283 988 infra
1302 937 1368 1004 post

162 1036 227 1093 735.
287 1037 344 1094 723
364 1031 397 1094 ἔκ
416 1030 504 1111 γαίης
523 1024 646 1098 κατιών,
673 1021 786 1106 δεκάτῃ
807 1022 839 1084 d'
860 1024 892 1096 ίς
914 1022 1082 1104 Τάρταρον
1098 1023 1159 1084 ’ίκοι
1179 1025 1243 1083 vat.
1312 1023 1368 1082 724

162 1120 392 1205 ο1.ε’κκίαγιίρ.
442 1128 497 1186 725
518 1126 554 1184 al.
575 1115 688 1200 δεκάτη
708 1115 740 1178 d'
763 1129 791 1179 et
807 1119 915 1179 ἵκοιτο.
970 1111 1135 1195 Τάρταρον
1147 1138 1246 1177 omnes
1255 1119 1369 1194 'praeter

161 1218 225 1277 vat.
246 1240 281 1277 ex
298 1239 355 1297 quo
378 1213 529 1295 Τάρταρα
549 1216 656 1293 recepit
675 1215 710 1272 G.
761 1217 818 1275 730
836 1211 915 1281 Διὸς
932 1205 1077 1288 μεγάλοιο
1097 1206 1180 1288 ἕκητι
1199 1212 1328 1269 Emman.

163 1314 219 1370 732
239 1312 266 1370 al
286 1305 389 1392 θύρας
409 1311 525 1386 (Lenn.)
545 1309 588 1367 vel
604 1314 720 1383 χεῖρας.
799 1304 978 1365 Ποσειδέων
998 1305 1034 1362 G.
1054 1305 1088 1363 L.
1109 1323 1173 1362 cum
1194 1305 1262 1364 72.
1282 1304 1369 1362 ceteri

161 1400 326 1461 Ποσειδῶν
344 1403 389 1460 vel
409 1397 604 1460 Ποσειδάων.
668 1402 723 1460 733
743 1402 846 1472 τοῖχος
866 1396 901 1453 0.
921 1396 969 1454 hic
989 1405 1017 1454 et
1042 1400 1098 1457 726
1118 1401 1192 1466 811;
1217 1396 1366 1456 lectionem
1447 1388 1450 1395 ’

162 1498 261 1570 τεῖχος
281 1493 407 1554 defendit
426 1495 650 1554 Schoemannus
708 1511 735 1549 τ.
757 1488 791 1548 δὲ
810 1485 982 1563 περοίχεται
1003 1489 1102 1548 Herm.
1124 1490 1159 1548 G.
1180 1491 1265 1567 vulgo
1284 1487 1367 1566 περί-

162 1605 258 1645 κειται
279 1582 321 1645 d'.
400 1589 458 1645 734
477 1584 507 1643 Γ
503 1581 561 1660 οης
580 1586 616 1642 G.
637 1583 698 1640 sine
718 1582 879 1640 diversitate
898 1581 1038 1656 lectionis,
1058 1580 1089 1638 Γ
1085 1575 1160 1659 ὖγης
1178 1583 1269 1642 Lenn.
1290 1583 1369 1641 codi-

162 1694 227 1733 cum
254 1677 380 1735 omnium
406 1678 490 1735 fidem
517 1676 675 1749 obtestans,
701 1694 774 1753 quae
794 1673 818 1731 si
837 1692 902 1730 vern
923 1681 980 1745 est,
1005 1672 1089 1732 lectio
1110 1668 1211 1753 Γύγης
1229 1676 1286 1735 hoc
1304 1677 1369 1736 loco

163 1777 249 1848 atque
269 1770 351 1829 etiam
372 1770 499 1828 versibus
519 1773 575 1830 149
596 1772 652 1830 618
672 1771 730 1829 714
748 1768 805 1828 817
825 1765 1000 1825 restituenda
1020 1763 1081 1824 erit.
1141 1766 1192 1824 καὶ
1209 1762 1371 1846 Βριάρεως

162 1862 197 1921 L.
217 1862 339 1933 Κόττος
357 1884 390 1922 τε
410 1861 460 1921 καί
480 1863 540 1939 Βρ.
560 1861 674 1933 codices
692 1859 817 1937 plurimi.

241 1974 296 2030 721
323 1974 381 2031 740
392 1990 430 2029 ss.
450 1974 613 2032 807-819.
692 1972 747 2029 721
768 1968 798 2026 in
817 1968 881 2027 Vat.
902 1979 968 2047 post
987 1973 1044 2031 723
1064 1971 1174 2048 positus
1194 1971 1235 2030 ita
1254 1973 1370 2050 legitur:

165 2053 232 2120 ἶσον
256 2057 287 2121 ‹l'
310 2051 350 2121 nd
371 2058 432 2122 ἀπὸ
453 2062 543 2140 γαίης
562 2061 593 2132 ἐς
615 2053 782 2139 Τάρταρον
800 2057 907 2120 ἰ’κοιτο.
987 2066 1042 2123 741
1063 2059 1160 2140 γένοιο
1181 2064 1243 2138 Pl,
1262 2077 1296 2124 ut
1315 2086 1371 2126 una

165 2175 228 2214 cum
247 2154 326 2215 ἵκοιο
347 2157 441 2235 lepide
459 2157 588 2216 voluerat
607 2157 746 2232 Guyetus.
806 2157 862 2213 742
882 2154 1062 2213 scribendum
1079 2155 1190 2214 videtur
1210 2151 1289 2217 ἀλλά
1308 2183 1371 2236 nm

241 2253 392 2311 743-745
418 2250 589 2309 seclusitG.
668 2252 725 2309 743
743 2268 779 2306 an
806 2242 957 2327 αργαλίη7
981 2248 1012 2306 in
1038 2247 1137 2307 eodem
1163 2270 1245 2308 versu
1272 2254 1372 2332 scripsi

165 2341 264 2403 δεινόν
290 2364 322 2422 γε
347 2365 400 2422 pro
422 2344 542 2452 vulgato
570 2337 668 2403 δεινόν
691 2362 737 2415 τε,
761 2337 980 2399 ο1.6εινὸνόί.
1057 2343 1139 2401 744α
1163 2345 1255 2402 τοῦτο
1281 2343 1373 2425 τέρας

166 2434 277 2504 νυκτὸς
294 2435 453 2515 ἐρεβεννῆς
472 2436 577 2496 omisso
596 2432 648 2495 aul
668 2437 738 2495 M3.
758 2436 805 2492 An
825 2425 880 2492 όθι
900 2429 1042 2502 Νυκτόςί
1102 2431 1197 2495 746’
1178 2433 1257 2511 τχετ’
1280 2459 1374 2516 οορα-

165 2525 218 2588 κὸκ
238 2530 274 2587 0.
294 2531 328 2588 L.
354 2539 387 2587 ut
410 2540 482 2589 teste
505 2528 652 2606 Lennepio
683 2526 749 2585 libri
774 2527 881 2585 habent
905 2545 1018 2600 omnes,
1043 2538 1161 2606 excepto
1181 2532 1257 2590 Flor.
1278 2534 1375 2612 uni

165 2617 279 2698 ἴσχετο.
301 2618 447 2700 Scripsi'
428 2643 486 2698 εχει
507 2643 571 2681 cum
581 2623 757 2694 Hermanno,
778 2619 866 2696 quod,
885 2618 1098 2698 s1Goettlingio
1119 2622 1203 2681 fidem
1223 2624 1375 2702 habemus,

167 2713 270 2792 legitur
289 2715 319 2773 in
338 2719 411 2790 M3,
431 2716 539 2774 scilicet
558 2715 657 2775 eodem
678 2714 728 2773 illo
747 2715 831 2772 tertio
852 2712 950 2770 codice
969 2712 1111 2772 Mediceo.
1177 2719 1232 2777 747
1252 2713 1376 2797 ἀκαμά-

165 2828 235 2884 τηοι
257 2805 400 2884 χίρεσσαι
424 2810 459 2868 G.
484 2810 519 2868 L.
551 2829 616 2867 cum
647 2808 731 2866 codd.
758 2807 818 2866 fere
845 2806 992 2874 omnibus;
1023 2801 1195 2880 ἀκαμάτοις
1221 2810 1377 2889 χείρεσσιν

166 2899 230 2956 Par.
243 2899 279 2957 A.
338 2902 394 2959 811
415 2894 518 2966 λα’ϊκος
538 2894 631 2965 οὐδὸς
648 2898 714 2956 Bar.
774 2900 832 2957 814
849 2893 975 2971 μένουσι
1000 2898 1090 2956 codex
1110 2901 1223 2976 collegii
1242 2904 1371 2966 Emman.

166 2990 415 3068 cantabrigiensis.

242 3108 308 3162 XII.
348 3109 427 3164 7446
454 3108 532 3166 7455
556 3111 611 3166 731
638 3110 798 3168 746-806.
878 3110 987 3167 Textus
1007 3110 1094 3168 huius
1114 3111 1246 3171 sectionis
1267 3117 1377 3194 optime

167 3216 198 3254 se
218 3196 320 3270 habet,
344 3205 462 3275 excepto
489 3195 605 3253 exordio
635 3195 712 3272 quod
732 3216 767 3254 ex
786 3197 913 3273 repetitis
937 3200 1063 3257 versibus
1084 3206 1140 3262 744
1159 3207 1215 3264 745
1235 3217 1321 3284 atque
1341 3232 1376 3270 ex

168 3289 250 3366 quasi
275 3289 424 3366 desperato
449 3293 504 3350 731
530 3288 716 3364 Theogonice
740 3288 896 3347 restituisse
920 3288 991 3346 mihi
1014 3290 1120 3351 videor.
1199 3289 1376 3360 74840001.

167 3376 353 3441 ιὀὕσαιο.’
335 3404 367 3457 op
355 3379 434 3461 αγις
446 3380 597 3439 ἰοοσαιΙ.
612 3381 746 3439 maiorem
767 3400 915 3440 numerum
938 3382 1068 3441 codicum
1088 3396 1211 3449 secutus.
1280 3396 1378 3456 755..

169 3474 225 3532 757
249 3474 425 3531 secluserunt
444 3473 531 3532 Wolf.
558 3474 647 3532 Gaisf.
673 3473 760 3532 Dind.
840 3478 896 3535 762
920 3477 982 3534 τῶν
1007 3472 1110 3555 ἕτερος
1135 3480 1225 3561 γαίην
1250 3507 1281 3545 τε
1301 3491 1373 3551 Μ3

168 3560 283 3624 cuird'
305 3566 384 3625 M1.
409 3566 474 3624 Par.
551 3570 608 3626 764
633 3564 770 3641 σιδηρείη
795 3567 907 3644 κραδίη
932 3569 1031 3628 Herm.
1057 3590 1091 3629 ex
1111 3573 1239 3635 Emman.
1318 3586 1375 3643 767

170 3659 254 3717 θεῶν
267 3655 409 3733 χθονίων
429 3659 556 3717 voluerat
576 3658 714 3734 Guyetus.
777 3662 833 3719 774
852 3660 924 3718 male
943 3662 1080 3739 repetitus
1100 3683 1133 3722 ex
1154 3669 1248 3742 768,
1240 3691 1269 3727 m
1289 3675 1374 3734 codd,

169 3751 313 3808 nonnullis
324 3752 456 3826 omissus,
471 3751 557 3810 avv.
568 3753 631 3810 DD.
643 3750 710 3809 inde
718 3771 736 3809 a
745 3751 917 3812 Rumkenio
930 3754 1091 3830 damnatus,
1106 3763 1281 3822 necessarius
1296 3766 1374 3827 vide·

170 3844 254 3902 batur
262 3844 418 3921 Lennepio.
468 3848 525 3906 778
535 3846 775 3925 κατηριφηΜ3
826 3849 919 3909 780-
922 3851 977 3908 783
988 3849 1104 3908 seclum
1113 3853 1244 3931 Wolfius,
1260 3869 1375 3920 secutus

169 3935 323 4013 Heynium,
342 3949 427 4014 atquc
447 3946 564 4014 excepto
585 3941 641 3999 783
660 3938 856 4015 approbarunt
875 3939 964 3999 Gaisf.
985 3950 1013 4002 et
1032 3943 1117 4002 Dind.
1160 3950 1214 4009 781
1236 3945 1375 4030 ἀγγελίης

171 4036 204 4086 ut
221 4029 255 4087 Π.
266 4028 305 4087 Λ
322 4032 380 4090 440
399 4050 433 4088 ex
452 4031 514 4088 solo
534 4030 663 4087 Emman.
684 4032 791 4108 recepit
810 4032 845 4090 G
861 4033 1014 4111 Vulgatnm
1036 4031 1156 4116 αγγελίη
1171 4063 1188 4100 a
1201 4044 1271 4102 Butt
1247 4053 1375 4107 ttmunuo

171 4130 199 4179 et
218 4122 303 4197 longe
322 4122 421 4182 maiori
440 4132 521 4201 parte
541 4122 671 4180 codicum
691 4125 871 4183 commendat
859 4133 919 4183 tum
940 4139 1087 4188 conservat
1099 4132 1272 4214 Lennepius.
1319 4143 1376 4201 783

171 4208 238 4273 al.‘
227 4235 261 4284 ος
281 4235 323 4274 κε.
342 4216 390 4272 An
409 4210 510 4293 καίρ’
532 4209 581 4274 ὅτε
602 4225 664 4284 τις7
724 4219 779 4278 795
799 4219 835 4276 al.
857 4217 1021 4296 νήποτμ,ος
1043 4218 1226 4300 κηιίαοτμος,
1248 4228 1376 4293 κοῦποτ-

169 4326 240 4381 μος,
258 4327 402 4384 κηογμος
450 4312 505 4369 797
526 4302 605 4368 ἀλλά
625 4311 706 4368 τεο.
719 4312 752 4369 1..
767 4320 799 4369 ut
819 4313 931 4374 codices
945 4332 1043 4374 omnes
1062 4327 1174 4393 praeter
1186 4323 1265 4382 Med
1316 4319 1374 4401 ἅμ

173 4391 342 4469 αἀνεοστος
362 4400 436 4459 coni.
456 4397 594 4460 Herm'
577 4398 635 4462 ανιί
636 4423 810 4477 μαναιστος
830 4406 952 4465 malebat
965 4409 999 4467 G.
1060 4414 1115 4472 799
1130 4412 1201 4472 al.'
1187 4413 1259 4474 enei.
1319 4422 1376 4480 800

168 4490 435 4570 χαλεπώτεροςο.
456 4496 490 4553 L.
512 4505 540 4552 et
558 4496 672 4572 plurimi
692 4497 805 4555 codices
825 4517 877 4575 pro
898 4501 1011 4578 vulgato
1028 4500 1256 4578 χαλεπώτατος.
1320 4515 1375 4572 801

171 4579 307 4652 &rudecto
326 4587 359 4645 L.
419 4583 621 4666 (inunctorum
643 4591 704 4651 P2.
725 4592 860 4652 Muetzell
879 4614 907 4670 p.
920 4598 965 4656 64.
1024 4601 1081 4658 802
1102 4600 1137 4659 al.
1159 4600 1378 4680 περιμίσγιται.
