3030 5084
660 288 874 353 -15-

240 458 323 534 ἀντῖ
348 457 459 532 λίθου
485 458 543 541 ἑὸς
567 457 647 539 υἱὸς
672 457 840 554 ἀνίκητος
861 457 923 533 καὶ
948 457 1084 554 ἀκηδης

177 597 229 649 ωο
242 576 400 669 λείπεθ’,
426 577 448 650 ὅ
472 606 537 673 μιν
561 573 647 670 τάχ’
675 577 818 671 ἔμελλε,
836 575 902 674 βίη
926 576 988 677 καὶ
1009 572 1115 674 χερσὶ
1136 575 1345 673 δαμάσσας,

240 704 345 791 τιμῆς
371 694 535 786 ἐξελάαν,
554 693 582 789 ,ό
609 692 650 767 δ’
678 696 719 768 ἐν
744 692 991 775 ἀθανάτοισιν
1016 690 1173 781 ἀνάξειν.

277 813 538 913 ’Καρπαλίμως
563 811 588 886 δ
592 811 604 838 ³
624 810 687 910 ἀρ’
705 812 834 887 ’ἔπειτα
860 813 968 909 μένος
977 812 1055 925 καὶ
1080 811 1243 912 φαίδιμα
1266 821 1355 917 γυῖα

237 932 366 1029 ηὔξετο
386 937 465 1006 τοῖο
492 931 668 1015 ἄνακτος·
695 931 947 1027 ἐπιπλομένων
971 931 1013 1006 δ’
1041 934 1223 1009 ἐνιαυτῶν

237 1050 392 1146 Γαίης’
376 1050 562 1145 εννεσίησι
576 1047 869 1147 πολυφραδέεσσι
894 1048 1075 1132 δολωθείς

176 1187 227 1237 495
242 1169 287 1243 ὃν
309 1166 423 1269 γόνον
448 1169 505 1268 ἀφ
531 1169 657 1264 ἀνέηκε
682 1167 797 1268 μέγας
821 1165 964 1266 Κρόνος
988 1165 1252 1332 ἀγκυλομήτης·

238 1284 374 1361 νικηθείς
391 1283 513 1367 τέχνησι
532 1284 627 1366 βίηφί
643 1306 676 1346 τε
695 1281 807 1353 παιδὸς
824 1283 896 1344 ἒοΐο·

235 1387 384 1478 πρῶτον
409 1378 448 1452 δ’
475 1376 645 1474 ἐξήμεσσε
672 1377 796 1467 λίθον,
821 1375 994 1473 ’πύματον
1016 1378 1240 1454 καταπίνων.

234 1487 395 1592 τὸνμίν
421 1497 516 1580 Ζεύς
541 1495 684 1595 στήριξε
708 1494 802 1569 κατά
825 1493 968 1589 γθονδς
994 1494 1203 1592 εὐρυοδείης

235 1620 373 1688 Πυθοῖ
396 1618 436 1689 ἐν
459 1614 604 1716 ἠγαθέη
629 1611 780 1715 γυάλοις
804 1612 877 1686 ὑπο
903 1618 1134 1709 Παρνησοῖο,

175 1752 224 1803 500
240 1733 327 1828 σῆμ’
355 1735 441 1828 ἐμεν
466 1731 636 1817 ἐξοπίσω,
660 1733 797 1826 θαῦμα
825 1735 999 1825 θνητοῖσι
1021 1733 1200 1827 βροτοῖσι,

234 1853 332 1917 Λύσε
354 1849 392 1916 δὲ
414 1841 742 1935 πατροκασιγνήτους
764 1842 873 1916 ἀλοῶν
895 1842 965 1915 ἀπὸ
988 1849 1119 1932 δεσμῶν

241 1946 429 2037 Οὐρανίδας
451 1942 510 2032 οὑς
532 1951 616 2038 δῆσε,
635 1948 747 2038 πατὴρ
769 1944 1063 2037 ἀεσιφροσύνῃσιν.

238 2050 274 2116 οῖ
293 2047 326 2118 οῖ
348 2048 583 2141 ἀπεμνήσαντο
603 2046 700 2135 χάριν
720 2046 949 2139 εύεργεσιάων,

237 2155 348 2220 δῶκαν
371 2154 408 2222 δὲ
429 2152 570 2241 βροντήν
591 2147 650 2240 ἡδ’
675 2146 886 2221 αἰθαλόεντα
906 2152 1065 2241 κεραυνόν
1113 2178 1118 2189 ·

175 2276 224 2326 505
237 2254 293 2320 καὶ
314 2253 496 2345 στεροπήν·
519 2256 639 2342 τοπρίν
662 2255 699 2321 δὲ
721 2249 856 2342 πελώρη
879 2259 967 2321 Γαῖα
988 2249 1154 2322 κεκεύθει.

235 2363 305 2438 τοῖς
327 2355 467 2437 πίσυνος
488 2363 644 2444 θνητοῖσι
664 2356 726 2423 καὶ
742 2351 970 2423 ἀθανάτοισιν
992 2352 1142 2424 ἀνάσσει.

158 2628 194 2685 Χ.

283 2716 434 2816 Κούρην
459 2717 497 2790 δ’
523 2716 681 2800 Ἰαπετὸς
704 2715 958 2815 καλλίσφυρον
978 2714 1194 2812 Ὠκεανίνην

231 2835 391 2938 ἠγάγετο
416 2837 615 2930 Κλυμένην
637 2834 700 2907 καὶ
726 2834 823 2928 ὑμὸν
847 2836 948 2928 λέχος
974 2836 1226 2931 ελςανέβαινεν.
1255 2861 1258 2866 ·

230 2955 253 3050 ἦ
279 2954 326 3029 δέ
346 2955 382 3027 οἱ
399 2953 577 3028 Ἄτλαντα
602 2949 880 3049 κρατερόφρονα
905 2951 1054 3054 γείνατο
1079 2953 1211 3043 παῖδα,

170 3094 220 3145 510
233 3074 330 3148 τίκτε
357 3071 395 3147 δ’
423 3067 683 3168 ὑπερκύδαντα
710 3069 914 3145 Μενοίτιον
937 3069 1003 3167 ἠδὲ
1027 3073 1254 3170 Προμηθέα,

231 3191 396 3265 ποίκιλον
422 3185 650 3282 αἰολόμητιν,
677 3186 906 3283 ἁμαρτίνοον
929 3189 965 3260 τ’
988 3189 1203 3295 Ἐπιμηθέα.

232 3399 271 3478 ὃς
294 3384 409 3469 κακὸν
434 3396 473 3478 ἐξ
498 3392 611 3491 ἀρχῆς
636 3391 754 3492 γένετ’
782 3387 965 3489 ἀνδράσιν
989 3391 1211 3490 ἀλφηστῇσι·
1257 3443 1260 3447 -

232 3518 377 3605 πρῶτος
399 3508 475 3609 γάρ,
499 3517 545 3605 ῥα
571 3510 658 3592 Διὸς
683 3509 849 3604 πλαστὴν
874 3509 1050 3584 ὑπέδεκτο
1075 3516 1249 3611 γυναῖκα,

227 3626 428 3725 παρθένον.
455 3626 638 3724 ὑβριστὴν
663 3626 703 3701 δὲ
728 3626 934 3701 Μενοίτιον
958 3626 1121 3725 εὑρυόπα
1146 3631 1241 3712 Ζεύς

170 3769 219 3820 515
234 3752 283 3829 εἷς
301 3734 452 3844 Ἔρεβός
476 3747 684 3843 κατέπεμψε
708 3744 840 3842 βαλών
862 3743 1037 3842 ιφολόεντι
1060 3754 1229 3844 κεραυνῷ

228 3866 333 3941 εἵνεκ’
359 3864 589 3961 ἀτασθαλίης
612 3893 651 3937 τε
675 3862 738 3937 καὶ
762 3863 910 3961 ἠνορέης
925 3860 1153 3959 ὑπερόπλου.
1326 3944 1332 3952 ‚

222 3983 346 4065 Ἄτλας
372 3981 411 4056 δ’
439 3983 602 4080 οὐρανὸν
626 3981 739 4078 εὑρὺν
762 3984 833 4075 ἔχει
857 3988 1031 4079 κρατερῆς
1058 3980 1125 4054 ὑπ’
1152 3981 1327 4086 ἀνάγκης,

227 4100 393 4195 πείρασιν
417 4104 458 4175 ἐν
481 4098 589 4201 γαίης
619 4095 766 4195 πρόπαρ
788 4099 1011 4195 Ἑσπερίδων
1035 4097 1259 4200 λιγυφώνων

231 4214 381 4309 ἑστηιύς,
406 4224 546 4317 κεφαλῇ
571 4246 611 4291 τε
635 4216 698 4289 καὶ
727 4213 948 4311 ἀκαμάτοισι
969 4218 1132 4314 χέρεσσι·

168 4355 218 4406 5εο
231 4333 373 4429 ταύτην
396 4335 469 4437 γάρ
496 4339 532 4411 οἱ
555 4340 693 4433 μοῖραν
717 4331 900 4408 ἐδάσσατο
924 4336 1077 4432 μητίετα
1102 4334 1205 4418 Ζεύς.

228 4454 315 4549 δῆσε
340 4452 378 4527 δ’
403 4452 667 4548 ἀλυκτοπέδῃσι
691 4454 905 4551 Προμηθέα
927 4450 1208 4552 ποικιλόβουλον

231 4570 378 4666 δεσμοῖς
404 4572 613 4673 ἀργαλέοισι
636 4572 751 4667 μέσον
776 4571 838 4645 διδ
864 4571 958 4647 κίον’
986 4570 1156 4664 ἐλάσσας,
