3030 5084
675 301 868 363 ,.3..

217 470 330 555 μηνοῖν
352 464 557 558 φθινόντων,
579 466 661 557 περί
680 462 715 536 δ’
738 458 853 556 ἤματα
875 463 978 536 πόλλῗ
1003 467 1175 560 ἐτελέσθη,

166 565 239 658 συή
264 566 296 638 δ’
321 567 417 649 ἔτεκ’Ἰ
431 570 526 638 ἐννέα
548 574 671 660 κούρας
692 564 897 660 ὁμόφρονας,
918 560 996 660 ᾗσιν
1018 565 1118 661 ἀοιδή

218 673 414 757 μέμβλεται,
437 669 472 741 ἐν
494 669 680 763 στήθεσσιν
701 668 826 761 ἀκηδέα
847 662 1131 763 θυμάνέχούσῃς,

216 775 342 842 τυτθὸν
364 771 427 844 ἀπ’
452 770 636 866 ἀκροτάτης
657 779 805 864 κορυφῆς
826 772 1003 865 νιφόεντος
1022 771 1204 860 Ὀλύμπου,

164 896 198 946 63
217 875 303 944 ἔνθα
325 901 407 967 σφιν
429 876 573 967 λιπαροί
592 903 628 944 τε
647 876 747 968 χοροῖ
764 876 821 947 καί
842 877 983 962 δώματα
1004 873 1109 946 καλά·

163 989 197 1040 67
215 974 387 1038 ἀθανάτων
406 979 565 1050 κλείουσιν,
586 976 741 1059 ἐπήρατον
760 975 860 1039 ὐσσαν
879 976 980 1039 ἱεῖσαι.

163 1091 198 1141 64
217 1072 287 1159 πάρ
310 1069 343 1139 δ’
370 1069 470 1164 αὐτῇς
491 1069 639 1163 Χάριτες
660 1099 696 1141 τε
718 1073 775 1143 καί
788 1071 918 1162 Ἵμερος
940 1069 1020 1141 οἰκί’
1045 1068 1187 1156 ἔχουσιν.

163 1183 196 1235 65
215 1173 248 1234 ἐν
266 1173 394 1255 θαλίῃς·
415 1174 535 1255 ἐρατὴν,
547 1176 582 1236 δὲ
602 1174 654 1239 διδ
675 1169 777 1258 στόμα
797 1168 897 1236 ὐσσαν
917 1173 1008 1236 ἱεῖσαι

163 1275 196 1326 66
213 1264 380 1342 μέλπονται
400 1262 525 1329 πάντων
543 1289 576 1329 τε
596 1264 710 1344 νόμους
729 1267 780 1328 καί
800 1263 883 1347 ήθεα
902 1265 1004 1354 κεδνά.

162 1533 196 1584 σε
215 1517 255 1587 αἳ
279 1514 363 1591 τότ’
390 1523 477 1593 ἴσαν
497 1517 589 1614 πρὸς
607 1517 807 1614 Ὄλυμπον
832 1517 1080 1620 ἀφαλλόμενοι
1106 1519 1169 1594 ὀπὶ
1193 1525 1298 1616 καλῇ,

213 1634 401 1732 ἀμβροσίῃ
425 1643 563 1730 μολπῇ·
589 1636 672 1733 περὶ
698 1635 736 1738 δι’
763 1639 844 1735 ἰἀχε
870 1640 960 1736 γαῖα
986 1632 1141 1729 μέλαινα
1231 1717 1234 1721 ,

162 1772 195 1822 7⁰
214 1751 426 1849 ὑμνεύσαις,
453 1753 581 1849 ἐρατὸς
607 1752 648 1827 δέ
673 1753 803 1828 ποδαῖν
828 1753 901 1826 ὐπο
929 1753 1069 1838 δοῦπος
1095 1754 1226 1853 ὀρώρει

210 1872 442 1967 νισσομένων
466 1871 594 1969 πατέρ’
623 1876 672 1955 είς
698 1872 753 1947 ὐν.
782 1871 801 1945 ὃ
829 1871 867 1945 δ’
896 1871 1046 1970 οὐρανηῖ
1071 1875 1315 1972 ἐμβασιλεύει,

199 1989 323 2072 ἀὐτὸς
349 1991 444 2082 έχων
469 1990 634 2086 βροντήν
659 1990 723 2086 ἠδ’
751 1988 978 2066 αἰθαλόεντα
1003 1994 1199 2090 κεραυνὸν,

158 2127 164 2144 ’
211 2106 341 2204 κάρτεϊ
363 2105 514 2203 νικήσας
539 2109 677 2205 πατέρα
704 2107 868 2205 Κρόνον·
897 2106 939 2183 εὐ
964 2109 1005 2183 δέ
1030 2113 1165 2186 ἕκαστα

211 2224 416 2308 ἀθανάτοις
442 2226 606 2312 διέταξεν
632 2228 732 2324 ὁμῶς
756 2227 819 2301 καὶ
844 2227 1027 2325 ἐπέφραδε
1053 2229 1172 2326 τιμάς.

161 2509 193 2560 75
212 2487 308 2556 ταῦτ’
333 2483 398 2578 άρα
420 2495 564 2560 Μοῖσαι
586 2487 702 2560 ἀειόον
720 2488 890 2576 Ολύμπια
913 2488 1041 2575 διόματ
1065 2489 1209 2576 ἔχουσαι,

212 2592 308 2660 ἐννέα
331 2594 515 2683 θυγατέρες
536 2591 684 2683 μεγάλου
706 2593 831 2675 Διὸς
815 2598 1013 2682 εκγεγαυῖαι,

213 2691 383 2761 Κλειαί’
349 2722 368 2761 τ
406 2693 561 2786 Εὐτέρπη
582 2724 629 2778 τε,
654 2692 783 2765 Θάλειά
805 2722 841 2763 τε
865 2696 1073 2784 Μελπομένη
1094 2719 1140 2775 τε,

217 2795 458 2917 Τερψιχόρη’
427 2826 446 2865 τ
480 2796 607 2886 Ἐρατώ
628 2824 675 2882 τε,
698 2794 932 2883 Πολύμνιά’
898 2825 917 2864 τ
960 2795 1105 2887 Οὐρανίη
1126 2823 1172 2877 τε,

110 3050 111 3053 ¹
157 3019 192 3069 8⁰
210 2995 230 3086 ἡ
251 2999 313 3087 γάρ
335 3026 393 3067 και
384 2996 655 3085 βασιλεύσιν”
632 2997 692 3084 αμ’
717 2998 900 3069 αἰδοίοισιν
922 2995 1053 3088 ὀπηδεῖ.

209 3256 338 3330 όντινα
364 3255 545 3352 τιμήσωσι
572 3257 659 3340 Διὸς
683 3265 817 3353 κοῦραι
840 3256 1028 3356 μεγάλοιο,

207 3373 423 3475 γεινόμενόν
447 3376 485 3447 τ’
513 3375 658 3458 ἐςίδωσι
684 3376 911 3472 διοτρεφέων
935 3372 1138 3470 βασιλήων,

209 3501 262 3587 τῷ
287 3493 357 3586 μέν
383 3493 441 3566 ἐπὶ
464 3492 613 3592 γλαίσσῃ
638 3491 820 3596 γλυκερὴν
842 3491 1008 3587 χείουσιν
1033 3491 1172 3588 ἐέρσην,

208 3618 278 3683 τοῦ
304 3609 342 3684 δ’
372 3609 449 3682 ἔπε’
478 3615 517 3683 ἐκ
543 3610 726 3708 στόματος
751 3616 807 3705 ῥεῖ
828 3609 989 3705 μείλιχα·
1018 3613 1053 3683 οἱ
1078 3611 1124 3684 δέ
1144 3639 1192 3685 νυ
1217 3612 1299 3685 λαοὶ

158 3750 191 3798 85
210 3726 343 3810 πάντες
369 3731 405 3810 ἐς
427 3727 544 3803 αὐτὸν
565 3729 680 3826 ἀραῖσι
707 3726 945 3824 διακρίνοντα
972 3729 1153 3821 θέμιστας

210 3847 347 3940 ἰθείῃσι
372 3845 535 3939 δίκῃσιν·
564 3847 583 3920 ὃ
611 3847 651 3921 δ’
677 3845 871 3945 ἀσφαλέως
897 3845 1089 3948 ἀγορεύων

210 3963 306 4062 αἶψά
330 3995 368 4038 τε
394 3966 457 4039 καλ
482 3968 577 4067 μέγα
602 3972 721 4048 νεῖκος
747 3965 996 4060 ἐπισταμένως
1020 3966 1236 4039 κατέπαυσε.

106 4090 109 4095 ’
209 4083 366 4156 τούνεκα
391 4083 464 4186 γάρ
490 4089 663 4182 βασιλῆες
689 4084 892 4182 ἐχέφρονες,
920 4082 1054 4158 οὐνεκα
1081 4089 1182 4167 λαοῖς

207 4202 474 4296 βλαπτομένοις
501 4203 661 4304 άγορῇφι
686 4198 901 4297 μετάτροπα
928 4202 1017 4302 ἔργα
1044 4209 1182 4276 τελεῦσι

158 4338 191 4388 90
211 4318 371 4414 ῥηιδίως,
399 4327 596 4413 μαλακοῖσι
621 4317 899 4418 παραιφάμενοι
926 4319 1097 4394 ἐπέεσσιν.

211 4435 410 4533 ἐρχόμενον
435 4436 473 4511 δ’
502 4439 575 4514 ἀνά
603 4439 699 4512 ἀστυ
725 4437 818 4512 θεὸν
844 4437 894 4520 δίς
921 4435 1132 4513 ἱλάσκονται

209 4554 310 4628 αῖδσῖ
333 4553 503 4651 μειλιχίῃ,
529 4555 621 4650 μετά
649 4555 689 4630 δέ
715 4557 841 4653 πρέπει
868 4555 1116 4656 ἀγρομένοισι,

341 4692 343 4697 ,
1120 4672 1164 4734 1,

1240 4858 1309 4953 ἢ
