3030 5084
580 240 979 355 ,-3ο-“

166 445 252 502 aerior
273 440 307 501 δὲ
325 443 391 502 Bar.
413 445 446 500 M
462 447 489 504 3.
510 442 580 501 Vcn.
602 441 700 518 steph.
720 441 754 499 L.
775 439 902 500 τοκεῦσί
924 460 956 498 τε
977 440 1011 499 Α.
1032 443 1068 499 It.
1089 440 1174 497 ceteri
1194 441 1336 498 τοκεῦσιν
1353 447 1382 498 et

167 538 206 594 ita
227 537 262 595 G.
321 531 380 596 440
401 527 543 613 Γλαύκην
562 536 685 594 malebat
705 534 741 591 G.
799 535 857 592 442
878 529 974 610 κυδνη
995 533 1031 590 G.
1090 535 1148 592 447
1169 530 1220 590 καὶ
1241 530 1274 592 ἔκ
1294 533 1329 590 G.

165 633 223 690 452
243 625 342 698 ὅντως
360 630 446 688 Taur.
505 631 540 686 In
560 630 616 687 fine
633 628 721 686 huius
735 626 868 684 carminis
887 625 1017 683 lacunam
1031 633 1168 684 statuerat
1183 625 1378 683 Thierschius.

242 749 293 806 IX.
332 749 496 808 453-506.
535 747 570 803 Ια
588 746 643 803 hac
662 745 788 803 sectione
812 744 920 822 primae
944 742 1103 801 'recensioni
1123 740 1262 827 adscripsi
1281 761 1378 798 versus

165 841 327 914 501—506,
347 840 429 898 alteri
442 842 500 899 466
521 858 584 897 cum
598 836 786 897 hemistichiis
805 836 861 915 ipsi
874 835 1026 913 contiguiS,
1044 839 1102 895 473
1119 837 1273 895 477-480
1292 842 1379 910 atque

165 936 231 992 496.
309 935 367 992 453
387 929 466 1008 Ῥείη
493 927 524 989 δ’
547 919 587 989 οὗ
614 929 772 1007 δμηθεῖσα
797 930 832 987 L.
853 947 887 985 ex
907 929 970 988 cod.
991 931 1026 989 A.
1045 925 1125 987 Ῥειά
1150 924 1266 998 onoma.
1286 927 1321 984 G.
1342 946 1378 984 en

165 1025 229 1083 aliis
249 1024 333 1082 codd.
355 1025 448 1084 Ceteri
468 1023 574 1083 habent
591 1019 668 1100 Ῥείη
688 1018 802 1098 aicadri.
822 1021 866 1079 vel
881 1017 960 1096 Ῥείη
982 1017 1013 1078 d'
1035 1015 1150 1098 ὕνιοιλμ.
1209 1021 1266 1080 459
1282 1017 1382 1095 με’γιις

166 1112 288 1194 Κρόνος
308 1120 341 1176 Μ
356 1122 393 1192 4,
418 1117 496 1195 quod
521 1118 645 1195 probant
663 1117 763 1175 Herm.
783 1123 811 1172 et
830 1116 864 1173 L.
941 1117 999 1176 465
1017 1135 1128 1174 versum
1149 1111 1338 1193 proscriptum
1361 1129 1378 1167 a

165 1211 270 1269 Wolfio
300 1210 451 1270 Gaisfordo
480 1211 630 1270 Dindorfio
658 1218 777 1268 tuentur
806 1209 841 1266 G.
868 1210 901 1266 L.
929 1208 1059 1266 Schoem.
1138 1209 1195 1267 Pro
1220 1201 1299 1274 Διὸς
1329 1204 1378 1262 alii

167 1302 273 1361 habent
296 1301 423 1381 πατρός.
501 1308 559 1363 466
584 1305 629 1382 τῷ
649 1297 680 1360 d’
704 1294 757 1378 ἄρ’
781 1293 829 1379 b'y'
853 1295 923 1369 oria,
949 1302 994 1380 τῷ
1019 1298 1069 1371 καὶ
1095 1291 1143 1378 ὅγ’
1171 1293 1227 1357 οὐκ
1247 1297 1296 1374 (cf.
1318 1297 1376 1355 Od.

165 1395 193 1452 N
211 1395 298 1472 331),
321 1396 366 1476 τῷ
393 1389 516 1468 Κρόνος
541 1387 598 1452 οὐκ
623 1393 802 1452 coniecturae
830 1401 898 1450 sunt
916 1393 1055 1467 Bentleii,
1081 1391 1254 1465 Hermanni,
1275 1391 1375 1449 Goett-

164 1487 255 1564 lingii.
332 1490 390 1547 467
405 1481 491 1563 Ῥείην
510 1487 623 1546 codices
640 1507 747 1546 omnes.
825 1491 883 1548 470
903 1482 976 1555 τοὺς
996 1480 1093 1564 αὐτῆς
1114 1484 1291 1544 scribebatur
1309 1492 1375 1541 ante

106 1649 111 1658 ἡ
164 1579 301 1638 Reizium.
380 1582 438 1638 473
457 1579 539 1635 uncis
563 1581 680 1638 inclusit
700 1581 735 1638 G.
756 1589 909 1656 praeeunte
930 1579 1042 1637 Wolfio.
1121 1576 1242 1636 παίδων
1261 1571 1298 1634 θ’
1321 1569 1376 1644 οὓς

164 1671 288 1729 correxit
307 1671 531 1730 SchoemannuS.
600 1667 722 1746 Κρόνος
741 1668 836 1748 με’γας
855 1673 916 1731 Ρ2.
985 1674 1139 1732 477-484
1159 1669 1240 1727 uncis
1259 1668 1376 1725 inclusit

165 1763 201 1820 G.
221 1763 257 1821 cf.
277 1767 334 1824 469
355 1773 383 1822 et
401 1767 468 1837 478,
488 1767 545 1824 477
565 1771 594 1821 et
611 1767 678 1824 482.
744 1768 803 1824 480
821 1761 970 1844 τραφέμεν
988 1765 1020 1821 L.
1042 1783 1107 1820 cum
1127 1763 1161 1821 M
1173 1766 1198 1820 1.
1211 1765 1228 1820 2
1235 1786 1243 1828 ;
1264 1756 1375 1838 τρίφεν

164 1855 226 1914 71.
275 1859 331 1916 481
352 1850 431 1915 ἔνθα
451 1878 504 1930 μιν
521 1856 622 1933 scripsi
642 1875 706 1913 curn
719 1856 802 1914 Bodl.
816 1856 915 1913 Herm.
929 1858 1019 1915 Lenu.
1041 1854 1135 1922 Ceteri
1149 1873 1249 1912 omnes
1268 1852 1375 1910 habent

164 1941 244 2003 ἔνθα
262 1945 328 2020 μίν.
385 1951 444 2007 482
459 1947 538 2023 χειρὶ
559 1950 622 2008 72.
642 1950 729 2006 Taur.
749 1949 814 2006 Par.
873 1950 996 2024 πρῶτον
1012 1945 1042 2006 d'
1060 1947 1091 2017 ἐς
1102 1941 1233 2007 Λύκτον
1246 1947 1334 2005 Taur.

164 2041 222 2098 484
234 2037 351 2120 Αἰνείην
372 2042 404 2099 Μ
415 2045 433 2099 2
444 2041 556 2122 1ριόῑνατ
574 2041 610 2099 G.
625 2035 757 2121 Ἀργαίῳ
777 2042 889 2099 volebat
902 2040 1057 2099 Hoeckius.
1079 2038 1175 2119 Ῑιλαίῳ
1196 2042 1258 2098 Ρ2.
1278 2078 1286 2097 .
1316 2042 1374 2098 486

165 2130 292 2207 spurium
313 2133 448 2192 censebat
466 2134 581 2192 Islerus.
649 2138 706 2194 487
725 2133 774 2191 alii
794 2129 970 2206 ε’ςκιίτθετο,
989 2132 1040 2190 sed
1058 2133 1123 2189 vide
1143 2133 1248 2190 Goettl.
1317 2135 1373 2192 491

164 2223 213 2281 alii
232 2221 360 2295 ἐξελάαν
378 2227 423 2284 vel
440 2221 591 2295 ἐξελάσαι.
649 2230 707 2286 492
728 2246 817 2303 usque
836 2225 874 2283 ad
893 2227 951 2285 500
975 2225 1065 2303 spurii
1088 2216 1257 2284 videbantur
1278 2223 1374 2281 iuveni

163 2319 277 2376 Wolfio.
360 2323 418 2379 493
449 2319 498 2376 alii
527 2316 729 2394 ε’νιινιλομίνοο
763 2315 793 2376 d‘
826 2316 977 2377 ἐνιαυτοῦ.
1061 2322 1119 2378 496
1148 2317 1230 2375 uncis
1258 2316 1375 2373 inclusit

164 2411 200 2469 G.
278 2415 335 2472 497
356 2406 503 2488 ἓξήμεσσε
528 2433 563 2471 ex
580 2432 654 2470 corr.
674 2412 832 2469 Hermanni
852 2412 887 2469 G.
909 2420 938 2468 et
956 2412 990 2469 L.
1010 2411 1077 2468 libri
1095 2406 1236 2487 ε”ξήμησε
1314 2413 1373 2469 499

163 2503 345 2580 Παρνησοῖο
367 2504 401 2562 G.
422 2505 456 2563 L.
477 2504 525 2562 alii
544 2503 760 2581 Παρνασσοῖο.
832 2507 887 2564 501
910 2523 1000 2581 usque
1021 2503 1060 2563 ad
1079 2506 1136 2564 506
1155 2502 1237 2560 uncis
1256 2502 1373 2560 inclusit
1452 2528 1455 2533 ²

164 2597 200 2654 G.
219 2598 353 2655 Lacunae
371 2596 477 2655 indicia
496 2597 544 2656 hic
562 2595 635 2653 vidit
653 2598 844 2656 Hermannus.

241 2723 276 2780 X.
316 2725 477 2783 507-616.
511 2723 631 2782 Diversa
649 2724 737 2783 huius
756 2724 889 2783 sectionis
909 2723 1032 2782 carmina
1054 2721 1170 2780 distinxi
1189 2730 1255 2799 post
1274 2741 1371 2780 versus

164 2817 220 2872 512
240 2817 297 2873 534
309 2817 367 2872 570
381 2819 437 2874 593
451 2825 479 2873 et
492 2820 549 2876 612
558 2843 566 2885 ;
587 2826 620 2874 ut
642 2838 677 2874 ex
696 2818 805 2894 primae
824 2818 987 2876 recensione
1006 2815 1149 2893 profectos
1164 2813 1259 2873 notavi
1273 2819 1377 2872 versus

164 2908 315 2977 523-531
336 2906 392 2964 591
413 2906 469 2964 592
490 2909 653 2981 613-616,
672 2918 705 2965 ut
718 2929 752 2966 ex
766 2909 854 2967 altera
870 2928 968 2966 versus
988 2911 1044 2967 532
1064 2911 1121 2968 533
1141 2909 1294 2968 554-557
1314 2909 1371 2966 568

163 3001 220 3059 569
240 3006 326 3074 atque
344 3001 411 3057 593.
489 2998 595 3056 Versus
609 3003 768 3062 512-516
793 3001 886 3058 alieno
912 3000 960 3059 hic
984 3001 1049 3058 loco
1069 3000 1179 3076 positos
1205 3020 1266 3058 csse
1291 3007 1372 3057 notat

164 3090 270 3146 Goettl.
347 3092 404 3147 512
424 3084 444 3162 ἢ
465 3089 559 3148 κακὸν
578 3092 653 3151 coni.
673 3093 771 3152 Herm.
850 3097 906 3155 513
919 3089 998 3162 Διὸς
1018 3088 1159 3169 πλαστὴν
1178 3093 1264 3152 scribi
1282 3093 1372 3152 voluit

162 3180 277 3238 Islerus.
342 3180 400 3239 514
418 3172 569 3254 ὑβριστὴν
589 3176 618 3237 d'
641 3177 697 3258 ἄρ’
717 3180 820 3241 ἔπειτα
842 3185 1020 3256 Μενοίτιον,
1039 3186 1144 3245 omisso
1165 3190 1231 3261 513,
1251 3187 1373 3246 coniecit

163 3272 386 3331 Schoemannus.
465 3271 521 3330 519
541 3266 719 3352 ἀκαμάτῃσι
740 3274 776 3332 G.
797 3294 832 3332 en
856 3275 921 3332 Par.
946 3273 1004 3334 71
1032 3275 1080 3332 hic
1105 3285 1133 3334 et
1159 3282 1215 3339 747
1240 3279 1277 3336 cf.
1297 3263 1370 3347 597;

162 3364 249 3424 ceteri
275 3356 475 3440 ιίκαμιίτοισι.
515 3363 648 3441 Spurium
678 3365 757 3424 hunc
780 3386 891 3424 versum
922 3378 1071 3425 censuerat
1095 3369 1234 3447 Guyetus.
1313 3373 1369 3432 521

162 3455 263 3531 δῆοας
281 3452 387 3513 divar.
407 3477 494 3533 prava
510 3465 553 3514 est
571 3459 820 3534 grammaticorum
840 3469 966 3518 veterum
987 3460 1082 3535 lectio,
1100 3462 1165 3522 vide
1186 3463 1291 3523 Goettl.

162 3545 315 3606 520-529
335 3547 425 3623 spurii
444 3548 612 3606 videbantur
631 3552 810 3611 Thierschio.
889 3555 945 3613 532
964 3549 1057 3611 ταῦτ’
1080 3547 1133 3632 ἄρ’
1154 3547 1203 3633 ὅγ’
1225 3552 1371 3633 ἁζόμενος

160 3640 258 3698 Herm.
283 3632 374 3697 ταῦτ’
402 3631 456 3716 ἄρ’
483 3633 668 3716 ιλγαζόμενος
694 3643 800 3701 Goettl.
826 3645 980 3721 Vulgatum
1008 3641 1099 3703 ταῦτ’
1131 3641 1193 3724 ripn
1223 3646 1370 3727 ἁζόμενος

162 3731 289 3790 defendit
308 3730 530 3790 Schoemannus.
589 3736 646 3795 533
666 3725 757 3810 ὅνπερ
777 3737 841 3796 72.
907 3739 964 3797 538
983 3742 1047 3804 τοῖς
1065 3735 1122 3813 μὲν
1141 3739 1242 3818 scripsi
1262 3742 1369 3799 Schoe-

161 3844 294 3884 mannum
313 3834 427 3883 secutus
447 3834 476 3884 et
495 3826 607 3886 codices
626 3828 710 3887 Bodl.
730 3831 859 3888 Emman.
899 3827 1052 3906 vulgatum
1073 3832 1117 3912 τῴ
1136 3829 1219 3907 με’ν.
1243 3877 1250 3891 .
1270 3833 1315 3913 τῷ
1335 3830 1369 3890 δὲ

160 3919 322 3993 intelligunt
341 3927 373 3977 ut
386 3919 510 3995 positum
530 3941 582 3998 pro
602 3921 795 3981 ‘hic..illic’.
836 3924 893 3983 543
905 3931 1030 3981 movet
1041 3922 1140 3984 Herm.
1180 3929 1237 3986 544
1255 3930 1370 4000 μοῖραν

161 4012 249 4070 Taur.
308 4011 364 4072 549
378 4010 446 4071 ilari
460 4012 495 4070 G.
509 4033 562 4089 pro
581 4015 697 4090 vulgato
717 4011 793 4075 ileu.
850 4014 1006 4079 fibi-¹557
1016 4016 1157 4076 variarum
1171 4019 1367 4077 recensionum

161 4103 279 4180 vestigia
302 4102 350 4160 hic
374 4105 519 4182 prosecuti
546 4114 614 4163 aunt
632 4107 730 4166 Herm.
751 4118 779 4167 et
799 4109 835 4171 G.
854 4126 941 4187 quam
963 4107 1032 4169 vida
1047 4110 1086 4171 cd
1104 4132 1144 4170 vs.
1165 4114 1231 4173 554.
1309 4111 1367 4170 553

159 4188 273 4276 ι’ίλειηια
294 4196 330 4253 G.
349 4198 384 4256 L.
409 4221 444 4258 ex
469 4198 553 4257 codd.
581 4219 633 4276 pro
658 4200 773 4276 vulgato
799 4192 945 4281 ἄλειφαρ.
1020 4194 1136 4279 ἀργέτα
1162 4200 1261 4280 ιλήμόν
1280 4203 1368 4261 habet

160 4288 223 4346 Vat.
242 4289 273 4347 in
298 4308 387 4364 marg.
444 4295 501 4352 554
520 4292 556 4350 al.
583 4293 687 4372 θυμῷ.
746 4289 828 4374 ἀμφὶ
847 4288 885 4353 dd
898 4314 954 4369 μιν
967 4288 1062 4371 χόλος
1082 4296 1118 4354 G.
1139 4316 1173 4354 en
1192 4295 1275 4354 codd.
1295 4296 1365 4354 vnl-

160 4390 256 4454 gatum
277 4377 359 4460 ιλμφὶ
376 4375 469 4458 χόλος
489 4380 525 4443 ιλί
541 4407 594 4461 μιν
613 4386 731 4444 retinuit
750 4388 783 4445 L.
841 4386 985 4465 bbl-poet
1001 4388 1059 4450 boc
1079 4389 1182 4466 legitur
1200 4389 1230 4447 in
1249 4391 1321 4449 Μ2.

159 4466 305 4547 ἐπελήθεο
326 4477 397 4534 Μ2.
418 4477 478 4535 Pu.
499 4478 588 4536 Lenn.
609 4474 770 4557 imicitiam
791 4480 878 4537 Taur.
898 4472 1063 4541 ίαιλιίθετο
1081 4483 1172 4540 Εαιια.
1211 4483 1366 4543 562-564

160 4561 304 4622 damnavit
326 4568 496 4629 Brunckius.
574 4573 631 4633 562
656 4569 687 4630 d’
714 4567 821 4649 ἤσειτα
847 4573 936 4632 Lenn.
1015 4576 1072 4636 563
1094 4571 1226 4650 μελίοισι
1251 4576 1317 4635 libri
1336 4584 1365 4635 et
