3030 5084
646 269 858 334 ..27-.

277 439 410 538 Αὐτὰρ
433 440 452 512 ό
480 438 675 536 Δήμητρος
700 433 939 534 πολυφόρβης
966 438 1001 517 ἐς
1028 436 1129 530 λέχος
1152 432 1280 532 ῆλθεν,

229 559 253 654 ἢ
278 559 357 632 τέκε
381 556 628 656 Περσεφόνην
653 553 889 647 λευκώλενον,
914 553 962 648 ῆν
980 552 1173 637 Ἀϊδωνεύς

227 677 391 774 ῆρπασεν
415 671 457 771 ῆς
482 675 582 773 παρὰ
608 674 764 771 μητρὸς·
792 672 905 746 έδωκε
931 669 972 745 δὲ
997 670 1150 766 μητίετα
1175 671 1279 756 Ζεύς.

170 812 220 864 915
284 791 541 889 Μνημοσύνης
566 793 608 867 δ’
635 797 777 876 ἐξαῦτις
803 787 985 885 ἐράσσατο
1010 787 1256 885 καλλικόμοιο,

234 915 272 996 ἐξ
295 906 337 1006 ῆς
363 912 399 982 οἱ
423 917 581 985 Μοῦσαι
603 908 866 1008 χρυσάμπυκες
892 906 1099 1007 ἐξεγένοντο

232 1029 348 1117 ἐννέα,
374 1035 479 1121 τῇσιν
504 1028 599 1103 ἄδον
623 1025 755 1101 θαλίαι
779 1024 842 1098 καὶ
866 1024 993 1122 τέρφις
1019 1022 1156 1116 ἄοιδῆς.

281 1144 396 1241 Λητώ
422 1142 460 1219 δ’
480 1143 691 1220 Ἀπόλλωνα
716 1141 780 1218 καὶ
797 1142 965 1239 Ἄρτεμιν
990 1140 1188 1238 ἰοχέαιραν,

233 1262 423 1362 ἱμερόεντα
449 1261 563 1364 γόνον
587 1262 669 1360 περὶ
694 1261 846 1337 πάντων
874 1255 1139 1357 Οὐρανιώνων,

169 1398 220 1451 920
232 1380 375 1483 γείνατ’
402 1380 463 1477 ἄρ’
491 1378 671 1481 αἰγιόχοιο
696 1378 783 1460 Διὸς
810 1375 975 1475 φιλότητι
1001 1382 1160 1478 μιγεῖσα.

282 1495 549 1593 Λοισθοτᾶτην
574 1497 598 1571 δ
601 1496 611 1522 ³
630 1496 759 1592 Ἥρην
781 1493 947 1592 θαλερὴν
970 1492 1144 1589 ποιήσατ’
1172 1496 1330 1573 ἄκοιτιν·

229 1618 251 1710 ῆ
279 1617 316 1690 δ’
335 1617 462 1712 Ἥβην
485 1614 547 1687 καὶ
565 1614 676 1710 Ἄρηα
703 1611 766 1686 καλ
791 1611 1008 1686 Εἰλείθυιαν
1032 1613 1157 1702 ἔτικτε,

232 1733 398 1829 μιχθεῖδ
426 1738 466 1807 ἐν
492 1727 658 1831 φιλότητι
682 1733 786 1805 θεῶν
807 1732 957 1827 βασιλῆι
982 1729 1045 1802 καὶ
1071 1728 1231 1826 ἀνδρῶν.

281 1954 404 2034 Αὐτὸς
429 1953 469 2026 δ’
498 1955 537 2024 ἐκ
560 1957 719 2048 κεφαλῆς
743 1948 985 2052 γλαυκώπιδα
1015 1951 1281 2051 Τριτογένειαν,

169 2091 219 2141 νιε
233 2070 357 2167 δεινὴν
383 2066 646 2170 ἐγρεκύδοιμον
672 2067 900 2168 ἀγέστρατον
924 2067 1155 2163 ἄτρυτώνην,
1265 2067 1273 2093 ’

232 2189 401 2278 πότνιαν,
428 2180 451 2279 ῆ
476 2185 625 2261 κέλαδοί
648 2213 687 2259 τε
715 2185 810 2261 ἄδον
834 2183 989 2280 πόλεμοί
1012 2212 1051 2258 τε
1076 2182 1194 2282 μᾶχαι
1219 2219 1268 2264 τε.

273 2412 371 2506 Ἥρη
398 2407 436 2482 δ’
454 2406 667 2509 Ἥφαιστον
690 2405 826 2481 κλυτὸν
851 2405 896 2479 οὐ
923 2401 1089 2503 φιλότητι
1114 2413 1275 2506 μιγεῖσα,

232 2527 362 2609 γείνατο,
383 2522 435 2583 καὶ
455 2520 603 2600 ζαμένησε
622 2522 674 2584 καὶ
692 2519 798 2602 ῆρισεν
817 2507 843 2605 ᾧ
863 2518 1046 2602 παρακοίτῃ,

230 2627 269 2695 ἐκ
293 2619 446 2696 πόντων
471 2619 616 2714 τέχνῃσι
640 2616 866 2712 κεκασμένον
894 2612 1156 2715 Οὐρανιώνων.

658 2845 857 2853 .—-—-——-

159 2930 220 2988 XV.

170 3039 221 3091 930
281 3019 340 3092 Ἐκ
365 3019 404 3094 δ’
426 3018 663 3117 Ἀμφιτρίτης
686 3017 750 3090 καὶ
774 3016 972 3116 ἐρικτύπου
995 3018 1250 3122 Ἐννοσιγαίου

236 3137 383 3234 Τρίτων
407 3137 580 3231 εὐρυβίης
605 3136 730 3234 γένετο
756 3137 885 3234 μέγας,
911 3136 990 3218 ὅςτε
1015 3137 1211 3233 θαλάσσης

233 3251 399 3347 πυθμέν’
426 3253 521 3346 έχων
545 3248 646 3346 παρὰ
672 3249 785 3347 μητρὶ
811 3251 899 3348 φίλη
919 3250 983 3324 καὶ
1007 3254 1119 3349 πατρί
1145 3255 1277 3330 ἄνακτι

232 3372 326 3448 ναίει
346 3367 487 3468 χρύσεα
514 3368 582 3462 δώ,
609 3367 727 3450 δεινός
753 3366 850 3451 θεός.
879 3368 999 3465 αὐτὰρ
1017 3370 1117 3467 ’Άρηι

233 3488 410 3587 ῥινοτόρῳ
436 3487 622 3585 Κυθέρεια
648 3483 783 3582 Φόβον
804 3487 868 3562 καὶ
895 3493 1033 3583 Δεῖμον
1057 3490 1170 3563 ἔτικτε

172 3629 222 3680 935
237 3605 394 3698 δεινούς,
421 3604 490 3678 οἵτ’
518 3604 670 3702 ἄνδρων
694 3604 850 3686 πυκινὰς
875 3604 1063 3680 κλονέουσι
1090 3605 1284 3712 φοίλαγγας

235 3733 275 3802 ἐν
298 3724 446 3821 πολέμῳ
471 3720 640 3820 κρυόεντι
666 3722 737 3797 σύν
750 3722 850 3821 Ἄρηι
875 3720 1127 3820 πτολιπόρθω,

228 3844 422 3942 Ἁρμονίην
443 3842 488 3915 θ’
514 3842 561 3936 ῆν
586 3840 742 3935 Κάδμος
767 3840 984 3943 ὑπέρθυμος
1010 3841 1096 3914 θέτ’
1121 3843 1273 3923 ἄκοιτιν.

286 4084 380 4180 Ζηνὶ
404 4083 429 4159 δ
433 4083 444 4108 '
472 4083 536 4180 ἄρ’
560 4082 740 4164 Ἀτλαντὶς
766 4081 877 4177 Μαίη
900 4084 978 4156 τέκε
1002 4081 1163 4180 κύδιμον
1185 4086 1335 4184 Ἑρμῆν,

234 4198 365 4299 κήρυκ’
391 4199 609 4292 ἄθανοίτων,
636 4202 736 4297 ἱερὸν
762 4201 863 4295 λέχος
888 4203 1124 4296 ελςαναβᾶσα.

166 4339 225 4415 εει)
238 4317 406 4414 Καδμείη
432 4320 468 4392 δ’
497 4321 570 4418 ἄρα
592 4322 628 4393 οἱ
653 4321 797 4415 Σεμέλη
823 4318 900 4392 τέκε
926 4319 1108 4417 φαίδιμον
1130 4323 1225 4411 υἱὸν,

235 4436 403 4536 μιχθεῖσ’
433 4440 473 4511 ἐν
497 4437 663 4534 φιλότητι
691 4437 884 4513 Διώνυσον
907 4439 1132 4538 πολυγηθέα.

241 4550 414 4624 ἀθάνατον
435 4554 559 4642 θνητῆ,
580 4561 636 4624 νῦν
658 4546 691 4624 δ’
717 4551 905 4644 ἀμφότεροι
926 4553 1008 4624 θεοί
1029 4554 1123 4626 εἰσιν.
