<?xml version="1.0" encoding="UTF-8"?>
<!DOCTYPE html PUBLIC "-//W3C//DTD XHTML 1.0 Transitional//EN"
    "http://www.w3.org/TR/xhtml1/DTD/xhtml1-transitional.dtd">
<html xmlns="http://www.w3.org/1999/xhtml" xml:lang="en" lang="en">
 <head>
  <title>
</title>
<meta http-equiv="Content-Type" content="text/html;charset=utf-8" />
  <meta name='ocr-system' content='tesseract 3.04.00' />
  <meta name='ocr-capabilities' content='ocr_page ocr_carea ocr_par ocr_line ocrx_word'/>
</head>
<body>
  <div class='ocr_page' id='page_1' title='image "./hesioditheogoni01hesigoog_0036.png"; bbox 0 0 3030 5084; ppageno 0'>
   <div class='ocr_carea' id='block_1_1' title="bbox 654 261 870 323">
    <p class='ocr_par' dir='ltr' id='par_1_1' title="bbox 654 261 870 323">
     <span class='ocr_line' id='line_1_1' title="bbox 654 261 870 323; baseline 0.005 -17"><span class='ocrx_word' id='word_1_1' title='bbox 654 261 870 323; x_wconf 59' lang='lat'><em>„21-</em></span> 
     </span>
    </p>
   </div>
   <div class='ocr_carea' id='block_1_2' title="bbox 168 427 1363 1094">
    <p class='ocr_par' dir='ltr' id='par_1_2' title="bbox 232 427 1182 527">
     <span class='ocr_line' id='line_1_2' title="bbox 232 427 1182 527; baseline 0.001 -24"><span class='ocrx_word' id='word_1_2' title='bbox 232 432 488 527; x_wconf 76' lang='grc' dir='ltr'><em>ὀφθαλμοῖσιν</em></span> <span class='ocrx_word' id='word_1_3' title='bbox 514 427 607 503; x_wconf 83' lang='grc' dir='ltr'><em>λδεῖν</em></span> <span class='ocrx_word' id='word_1_4' title='bbox 631 427 695 522; x_wconf 79' lang='grc' dir='ltr'><em>ἠδ’</em></span> <span class='ocrx_word' id='word_1_5' title='bbox 724 429 856 502; x_wconf 85' lang='grc' dir='ltr'><em>ούασιν</em></span> <span class='ocrx_word' id='word_1_6' title='bbox 883 430 999 503; x_wconf 85' lang='grc' dir='ltr'><em>ἔσσαν</em></span> <span class='ocrx_word' id='word_1_7' title='bbox 1025 430 1182 504; x_wconf 86' lang='grc' dir='ltr'><em>ἀκοῦσαι</em></span> 
     </span>
    </p>

    <p class='ocr_par' dir='ltr' id='par_1_3' title="bbox 234 537 1263 646">
     <span class='ocr_line' id='line_1_3' title="bbox 234 537 1263 646; baseline 0.001 -25"><span class='ocrx_word' id='word_1_8' title='bbox 234 549 367 638; x_wconf 83' lang='grc' dir='ltr'><em>αὔτως,</em></span> <span class='ocrx_word' id='word_1_9' title='bbox 396 549 445 630; x_wconf 79' lang='grc' dir='ltr'><em>τός</em></span> <span class='ocrx_word' id='word_1_10' title='bbox 471 548 531 621; x_wconf 80' lang='grc' dir='ltr'><em>ὅτε</em></span> <span class='ocrx_word' id='word_1_11' title='bbox 556 552 653 619; x_wconf 80' lang='grc' dir='ltr'><em>Γαῖα</em></span> <span class='ocrx_word' id='word_1_12' title='bbox 678 546 741 618; x_wconf 76' lang='grc' dir='ltr'><em>καὶ</em></span> <span class='ocrx_word' id='word_1_13' title='bbox 769 547 938 642; x_wconf 79' lang='grc' dir='ltr'><em>Οὐρανός</em></span> <span class='ocrx_word' id='word_1_14' title='bbox 964 547 1073 643; x_wconf 81' lang='grc' dir='ltr'><em>εὐρύς</em></span> <span class='ocrx_word' id='word_1_15' title='bbox 1097 537 1263 646; x_wconf 79' lang='grc' dir='ltr'><em>ὕπερθεν</em></span> 
     </span>
    </p>

    <p class='ocr_par' dir='ltr' id='par_1_4' title="bbox 230 660 1222 765">
     <span class='ocr_line' id='line_1_4' title="bbox 230 660 1222 765; baseline 0.002 -27"><span class='ocrx_word' id='word_1_16' title='bbox 230 665 402 741; x_wconf 90' lang='grc' dir='ltr'><em>πίλνατο·</em></span> <span class='ocrx_word' id='word_1_17' title='bbox 429 671 527 747; x_wconf 93' lang='grc' dir='ltr'><em>τοῖος</em></span> <span class='ocrx_word' id='word_1_18' title='bbox 551 660 625 765; x_wconf 88' lang='grc' dir='ltr'><em>γάρ</em></span> <span class='ocrx_word' id='word_1_19' title='bbox 651 688 690 736; x_wconf 88' lang='grc' dir='ltr'><em>κε</em></span> <span class='ocrx_word' id='word_1_20' title='bbox 714 664 884 765; x_wconf 88' lang='grc' dir='ltr'><em>μέγιστος</em></span> <span class='ocrx_word' id='word_1_21' title='bbox 911 665 1051 747; x_wconf 79' lang='grc' dir='ltr'><em>δοῦπος</em></span> <span class='ocrx_word' id='word_1_22' title='bbox 1076 663 1222 764; x_wconf 85' lang='grc' dir='ltr'><em>όραίρει,</em></span> 
     </span>
    </p>

    <p class='ocr_par' dir='ltr' id='par_1_5' title="bbox 168 779 1256 977">
     <span class='ocr_line' id='line_1_5' title="bbox 229 779 1256 882; baseline 0.003 -29"><span class='ocrx_word' id='word_1_23' title='bbox 229 791 292 876; x_wconf 81' lang='grc' dir='ltr'><em>τῆς</em></span> <span class='ocrx_word' id='word_1_24' title='bbox 316 783 386 879; x_wconf 79' lang='grc' dir='ltr'><em>μὲν</em></span> <span class='ocrx_word' id='word_1_25' title='bbox 412 781 657 881; x_wconf 89' lang='grc' dir='ltr'><em>ἐρειπομένης,</em></span> <span class='ocrx_word' id='word_1_26' title='bbox 683 783 816 857; x_wconf 82' lang='grc' dir='ltr'><em>τοῦδ</em></span> <span class='ocrx_word' id='word_1_27' title='bbox 845 779 995 881; x_wconf 76' lang='grc' dir='ltr'><em>ὑψόθεν</em></span> <span class='ocrx_word' id='word_1_28' title='bbox 1020 779 1256 882; x_wconf 84' lang='grc' dir='ltr'><em>ἐξεριπόντος.</em></span> 
     </span>
     <span class='ocr_line' id='line_1_6' title="bbox 168 894 993 977; baseline -0.004 -19"><span class='ocrx_word' id='word_1_29' title='bbox 168 909 216 960; x_wconf 82' lang='lat'><em>705</em></span> <span class='ocrx_word' id='word_1_30' title='bbox 231 899 343 969; x_wconf 90' lang='grc' dir='ltr'><em>τόσσος</em></span> <span class='ocrx_word' id='word_1_31' title='bbox 364 895 516 969; x_wconf 79' lang='grc' dir='ltr'><em>δοῦπος”</em></span> <span class='ocrx_word' id='word_1_32' title='bbox 498 920 598 977; x_wconf 87' lang='grc' dir='ltr'><em>εγεντο</em></span> <span class='ocrx_word' id='word_1_33' title='bbox 618 899 702 958; x_wconf 80' lang='grc' dir='ltr'><em>θεῶν</em></span> <span class='ocrx_word' id='word_1_34' title='bbox 722 894 798 975; x_wconf 82' lang='grc' dir='ltr'><em>ἔριδι</em></span> <span class='ocrx_word' id='word_1_35' title='bbox 819 899 993 970; x_wconf 80' lang='grc' dir='ltr'><em>Ιξυνιόντων.</em></span> 
     </span>
    </p>

    <p class='ocr_par' dir='ltr' id='par_1_6' title="bbox 229 989 1363 1094">
     <span class='ocr_line' id='line_1_7' title="bbox 229 989 1363 1094; baseline 0.004 -29"><span class='ocrx_word' id='word_1_36' title='bbox 229 993 410 1068; x_wconf 76' lang='grc' dir='ltr'><em>σὺνδ</em></span> <span class='ocrx_word' id='word_1_37' title='bbox 393 993 522 1088; x_wconf 87' lang='grc' dir='ltr'><em>ἀνεμοι</em></span> <span class='ocrx_word' id='word_1_38' title='bbox 547 991 670 1068; x_wconf 90' lang='grc' dir='ltr'><em>ἔνοσίν</em></span> <span class='ocrx_word' id='word_1_39' title='bbox 694 1021 733 1065; x_wconf 90' lang='grc' dir='ltr'><em>τε</em></span> <span class='ocrx_word' id='word_1_40' title='bbox 757 989 979 1067; x_wconf 75' lang='grc' dir='ltr'><em>κόνινθ’Γ</em></span> <span class='ocrx_word' id='word_1_41' title='bbox 961 993 1041 1088; x_wconf 86' lang='grc' dir='ltr'><em>α’μα</em></span> <span class='ocrx_word' id='word_1_42' title='bbox 1065 991 1317 1094; x_wconf 72' lang='grc' dir='ltr'><em>ἐσφαράγιζον</em></span> <span class='ocrx_word' id='word_1_43' title='bbox 1361 1066 1363 1070; x_wconf 87' lang='grc'><em>.</em></span> 
     </span>
    </p>
   </div>
   <div class='ocr_carea' id='block_1_3' title="bbox 167 1107 1282 1565">
    <p class='ocr_par' dir='ltr' id='par_1_7' title="bbox 226 1107 1282 1207">
     <span class='ocr_line' id='line_1_8' title="bbox 226 1107 1282 1207; baseline 0.002 -24"><span class='ocrx_word' id='word_1_44' title='bbox 226 1111 392 1207; x_wconf 81' lang='grc' dir='ltr'><em>βροντήν</em></span> <span class='ocrx_word' id='word_1_45' title='bbox 416 1141 455 1184; x_wconf 87' lang='grc' dir='ltr'><em>τε</em></span> <span class='ocrx_word' id='word_1_46' title='bbox 482 1107 662 1206; x_wconf 86' lang='grc' dir='ltr'><em>στεροπήν</em></span> <span class='ocrx_word' id='word_1_47' title='bbox 678 1139 724 1182; x_wconf 90' lang='grc' dir='ltr'><em>τε</em></span> <span class='ocrx_word' id='word_1_48' title='bbox 749 1109 812 1182; x_wconf 85' lang='grc' dir='ltr'><em>καὶ</em></span> <span class='ocrx_word' id='word_1_49' title='bbox 836 1108 1062 1185; x_wconf 77' lang='grc' dir='ltr'><em>αἰθαλόεντα</em></span> <span class='ocrx_word' id='word_1_50' title='bbox 1086 1111 1282 1207; x_wconf 89' lang='grc' dir='ltr'><em>κεραυνόν,</em></span> 
     </span>
    </p>

    <p class='ocr_par' dir='ltr' id='par_1_8' title="bbox 227 1226 1272 1330">
     <span class='ocr_line' id='line_1_9' title="bbox 227 1226 1272 1330; baseline -0.001 -29"><span class='ocrx_word' id='word_1_51' title='bbox 227 1238 317 1323; x_wconf 80' lang='grc' dir='ltr'><em>κῆλα</em></span> <span class='ocrx_word' id='word_1_52' title='bbox 344 1229 431 1312; x_wconf 82' lang='grc' dir='ltr'><em>Διὸς</em></span> <span class='ocrx_word' id='word_1_53' title='bbox 455 1227 642 1330; x_wconf 87' lang='grc' dir='ltr'><em>μεγάλοιο,</em></span> <span class='ocrx_word' id='word_1_54' title='bbox 670 1228 785 1325; x_wconf 88' lang='grc' dir='ltr'><em>φέρον</em></span> <span class='ocrx_word' id='word_1_55' title='bbox 810 1227 835 1302; x_wconf 96' lang='grc' dir='ltr'><em>δ</em></span> <span class='ocrx_word' id='word_1_56' title='bbox 839 1229 850 1253; x_wconf 84' lang='lat'><em>&#39;</em></span> <span class='ocrx_word' id='word_1_57' title='bbox 878 1227 987 1325; x_wconf 77' lang='grc' dir='ltr'><em>ἰαχήν</em></span> <span class='ocrx_word' id='word_1_58' title='bbox 1010 1228 1046 1301; x_wconf 77' lang='grc' dir='ltr'><em>τ’</em></span> <span class='ocrx_word' id='word_1_59' title='bbox 1074 1226 1209 1319; x_wconf 82' lang='grc' dir='ltr'><em>ἐνοπήν</em></span> <span class='ocrx_word' id='word_1_60' title='bbox 1233 1257 1272 1302; x_wconf 90' lang='grc' dir='ltr'><em>τε</em></span> 
     </span>
    </p>

    <p class='ocr_par' dir='ltr' id='par_1_9' title="bbox 167 1344 1244 1565">
     <span class='ocr_line' id='line_1_10' title="bbox 228 1344 1244 1484; baseline -0.001 -64"><span class='ocrx_word' id='word_1_61' title='bbox 228 1353 263 1429; x_wconf 90' lang='grc' dir='ltr'><em>ἐς</em></span> <span class='ocrx_word' id='word_1_62' title='bbox 287 1349 403 1443; x_wconf 80' lang='grc' dir='ltr'><em>μέσον</em></span> <span class='ocrx_word' id='word_1_63' title='bbox 428 1347 669 1443; x_wconf 74' lang='grc' dir='ltr'><em>ἀμφοτέρων·</em></span> <span class='ocrx_word' id='word_1_64' title='bbox 697 1345 830 1441; x_wconf 78' lang='grc' dir='ltr'><em>ὄτοβος</em></span> <span class='ocrx_word' id='word_1_65' title='bbox 856 1345 896 1417; x_wconf 76' lang='grc' dir='ltr'><em>δ’</em></span> <span class='ocrx_word' id='word_1_66' title='bbox 925 1346 1084 1484; x_wconf 79' lang='grc' dir='ltr'><em>ἄπλητος</em></span> <span class='ocrx_word' id='word_1_67' title='bbox 1110 1344 1244 1445; x_wconf 79' lang='grc' dir='ltr'><em>ὀρώρει</em></span> 
     </span>
     <span class='ocr_line' id='line_1_11' title="bbox 167 1460 1243 1565; baseline 0.007 -33"><span class='ocrx_word' id='word_1_68' title='bbox 167 1483 217 1533; x_wconf 77' lang='grc'><em>710</em></span> <span class='ocrx_word' id='word_1_69' title='bbox 231 1465 455 1561; x_wconf 87' lang='grc' dir='ltr'><em>σμερδαλεης</em></span> <span class='ocrx_word' id='word_1_70' title='bbox 481 1464 610 1561; x_wconf 90' lang='grc' dir='ltr'><em>ἔριδος,</em></span> <span class='ocrx_word' id='word_1_71' title='bbox 637 1460 773 1557; x_wconf 90' lang='grc' dir='ltr'><em>κάρτος</em></span> <span class='ocrx_word' id='word_1_72' title='bbox 799 1461 890 1535; x_wconf 71' lang='grc' dir='ltr'><em>δΗ</em></span> <span class='ocrx_word' id='word_1_73' title='bbox 868 1462 1088 1559; x_wconf 80' lang='grc' dir='ltr'><em>ἀνεφαίνετο</em></span> <span class='ocrx_word' id='word_1_74' title='bbox 1114 1467 1243 1565; x_wconf 84' lang='grc' dir='ltr'><em>ἔργων.</em></span> 
     </span>
    </p>
   </div>
   <div class='ocr_carea' id='block_1_4' title="bbox 230 1574 1096 1765">
    <p class='ocr_par' dir='ltr' id='par_1_10' title="bbox 230 1574 1096 1765">
     <span class='ocr_line' id='line_1_12' title="bbox 230 1574 1096 1666; baseline 0 -19"><span class='ocrx_word' id='word_1_75' title='bbox 230 1581 366 1666; x_wconf 76' lang='grc' dir='ltr'><em>ἐκλινθη</em></span> <span class='ocrx_word' id='word_1_76' title='bbox 390 1582 427 1647; x_wconf 84' lang='grc' dir='ltr'><em>δέ</em></span> <span class='ocrx_word' id='word_1_77' title='bbox 447 1576 553 1665; x_wconf 87' lang='grc' dir='ltr'><em>μάχη·</em></span> <span class='ocrx_word' id='word_1_78' title='bbox 576 1574 712 1664; x_wconf 70' lang='grc' dir='ltr'><em>πρλνδ</em></span> <span class='ocrx_word' id='word_1_79' title='bbox 737 1574 937 1664; x_wconf 81' lang='grc' dir='ltr'><em>ἀλλήλοις</em></span> <span class='ocrx_word' id='word_1_80' title='bbox 920 1578 1096 1661; x_wconf 85' lang='grc' dir='ltr'><em>επέχοντες</em></span> 
     </span>
     <span class='ocr_line' id='line_1_13' title="bbox 230 1674 1016 1765; baseline -0.001 -17"><span class='ocrx_word' id='word_1_81' title='bbox 230 1684 395 1765; x_wconf 84' lang='grc' dir='ltr'><em>ἐμμενέως</em></span> <span class='ocrx_word' id='word_1_82' title='bbox 418 1676 578 1764; x_wconf 86' lang='grc' dir='ltr'><em>ἐμάχοντο</em></span> <span class='ocrx_word' id='word_1_83' title='bbox 602 1678 660 1745; x_wconf 84' lang='grc' dir='ltr'><em>διά</em></span> <span class='ocrx_word' id='word_1_84' title='bbox 683 1677 844 1765; x_wconf 75' lang='grc' dir='ltr'><em>κρατεροῖς</em></span> <span class='ocrx_word' id='word_1_85' title='bbox 866 1674 919 1761; x_wconf 72' lang='grc' dir='ltr'><em>όσγ</em></span> <span class='ocrx_word' id='word_1_86' title='bbox 906 1677 1016 1761; x_wconf 87' lang='grc' dir='ltr'><em>μίνας.</em></span> 
     </span>
    </p>
   </div>
   <div class='ocr_carea' id='block_1_5' title="bbox 158 1894 1351 3926">
    <p class='ocr_par' dir='ltr' id='par_1_11' title="bbox 158 1894 1351 3862">
     <span class='ocr_line' id='line_1_14' title="bbox 223 1894 1233 2007; baseline 0.005 -30"><span class='ocrx_word' id='word_1_87' title='bbox 223 1912 260 1977; x_wconf 79' lang='grc' dir='ltr'><em>οἳ</em></span> <span class='ocrx_word' id='word_1_88' title='bbox 285 1907 325 1979; x_wconf 78' lang='grc' dir='ltr'><em>δ’</em></span> <span class='ocrx_word' id='word_1_89' title='bbox 354 1907 416 2002; x_wconf 76' lang='grc' dir='ltr'><em>ἀρ’</em></span> <span class='ocrx_word' id='word_1_90' title='bbox 445 1907 499 1979; x_wconf 77' lang='grc' dir='ltr'><em>ἐνὶ</em></span> <span class='ocrx_word' id='word_1_91' title='bbox 524 1902 702 2000; x_wconf 82' lang='grc' dir='ltr'><em>πριότοισι</em></span> <span class='ocrx_word' id='word_1_92' title='bbox 726 1902 852 1998; x_wconf 86' lang='grc' dir='ltr'><em>μάχην</em></span> <span class='ocrx_word' id='word_1_93' title='bbox 878 1905 1049 2002; x_wconf 87' lang='grc' dir='ltr'><em>δριμεῖαν</em></span> <span class='ocrx_word' id='word_1_94' title='bbox 1074 1894 1233 2007; x_wconf 87' lang='grc' dir='ltr'><em>ἔγειραν</em></span> 
     </span>
     <span class='ocr_line' id='line_1_15' title="bbox 226 2018 1235 2120; baseline 0.004 -25"><span class='ocrx_word' id='word_1_95' title='bbox 226 2020 363 2104; x_wconf 82' lang='grc' dir='ltr'><em>Κόττος</em></span> <span class='ocrx_word' id='word_1_96' title='bbox 387 2052 426 2096; x_wconf 89' lang='grc' dir='ltr'><em>τε</em></span> <span class='ocrx_word' id='word_1_97' title='bbox 451 2020 642 2120; x_wconf 87' lang='grc' dir='ltr'><em>Βριάρεως</em></span> <span class='ocrx_word' id='word_1_98' title='bbox 661 2050 700 2094; x_wconf 88' lang='grc' dir='ltr'><em>τε</em></span> <span class='ocrx_word' id='word_1_99' title='bbox 727 2018 824 2114; x_wconf 85' lang='grc' dir='ltr'><em>Γύης</em></span> <span class='ocrx_word' id='word_1_100' title='bbox 849 2021 884 2093; x_wconf 66' lang='grc' dir='ltr'><em>τ’</em></span> <span class='ocrx_word' id='word_1_101' title='bbox 914 2023 1026 2106; x_wconf 84' lang='grc' dir='ltr'><em>ἄατος</em></span> <span class='ocrx_word' id='word_1_102' title='bbox 1050 2024 1235 2118; x_wconf 87' lang='grc' dir='ltr'><em>πολέμοιο,</em></span> 
     </span>
     <span class='ocr_line' id='line_1_16' title="bbox 163 2139 1205 2238; baseline 0.008 -30"><span class='ocrx_word' id='word_1_103' title='bbox 163 2159 212 2209; x_wconf 81' lang='lat'><em>715</em></span> <span class='ocrx_word' id='word_1_104' title='bbox 228 2144 266 2214; x_wconf 78' lang='grc' dir='ltr'><em>οἵ</em></span> <span class='ocrx_word' id='word_1_105' title='bbox 289 2147 334 2237; x_wconf 80' lang='grc' dir='ltr'><em>ῥα</em></span> <span class='ocrx_word' id='word_1_106' title='bbox 359 2139 569 2236; x_wconf 80' lang='grc' dir='ltr'><em>τριηκοσίας</em></span> <span class='ocrx_word' id='word_1_107' title='bbox 594 2140 728 2238; x_wconf 86' lang='grc' dir='ltr'><em>πέτρας</em></span> <span class='ocrx_word' id='word_1_108' title='bbox 755 2142 946 2237; x_wconf 82' lang='grc' dir='ltr'><em>στιβαρῶν</em></span> <span class='ocrx_word' id='word_1_109' title='bbox 971 2140 1044 2213; x_wconf 88' lang='grc' dir='ltr'><em>ἀπὸ</em></span> <span class='ocrx_word' id='word_1_110' title='bbox 1068 2150 1205 2237; x_wconf 84' lang='grc' dir='ltr'><em>χειρῶν</em></span> 
     </span>
     <span class='ocr_line' id='line_1_17' title="bbox 199 2256 1229 2355; baseline 0.002 -24"><span class='ocrx_word' id='word_1_111' title='bbox 199 2288 201 2291; x_wconf 73' lang='grc'>’</span> <span class='ocrx_word' id='word_1_112' title='bbox 222 2261 367 2353; x_wconf 90' lang='grc' dir='ltr'><em>πέμπον</em></span> <span class='ocrx_word' id='word_1_113' title='bbox 391 2259 652 2355; x_wconf 65' lang='grc' dir='ltr'><em>ἐπασσυτέρας,</em></span> <span class='ocrx_word' id='word_1_114' title='bbox 678 2257 773 2331; x_wconf 86' lang='grc' dir='ltr'><em>κατά</em></span> <span class='ocrx_word' id='word_1_115' title='bbox 802 2258 839 2331; x_wconf 79' lang='grc' dir='ltr'><em>δ’</em></span> <span class='ocrx_word' id='word_1_116' title='bbox 867 2256 1043 2331; x_wconf 87' lang='grc' dir='ltr'><em>ἐσκίασαν</em></span> <span class='ocrx_word' id='word_1_117' title='bbox 1067 2260 1229 2355; x_wconf 75' lang='grc' dir='ltr'><em>βελέεσσι</em></span> 
     </span>
     <span class='ocr_line' id='line_1_18' title="bbox 229 2376 1189 2475; baseline 0.001 -26"><span class='ocrx_word' id='word_1_118' title='bbox 229 2384 394 2471; x_wconf 82' lang='grc' dir='ltr'><em>Τιτῆνας.</em></span> <span class='ocrx_word' id='word_1_119' title='bbox 420 2376 483 2449; x_wconf 85' lang='grc' dir='ltr'><em>καὶ</em></span> <span class='ocrx_word' id='word_1_120' title='bbox 508 2377 596 2459; x_wconf 80' lang='grc' dir='ltr'><em>τοὺς</em></span> <span class='ocrx_word' id='word_1_121' title='bbox 620 2376 689 2472; x_wconf 81' lang='grc' dir='ltr'><em>μὲν</em></span> <span class='ocrx_word' id='word_1_122' title='bbox 716 2376 788 2449; x_wconf 82' lang='grc' dir='ltr'><em>ὑπό</em></span> <span class='ocrx_word' id='word_1_123' title='bbox 812 2376 953 2469; x_wconf 88' lang='grc' dir='ltr'><em>χθονός</em></span> <span class='ocrx_word' id='word_1_124' title='bbox 980 2377 1189 2475; x_wconf 78' lang='grc' dir='ltr'><em>εὐρυοδείης</em></span> 
     </span>
     <span class='ocr_line' id='line_1_19' title="bbox 224 2494 1170 2593; baseline 0.003 -27"><span class='ocrx_word' id='word_1_125' title='bbox 224 2497 378 2593; x_wconf 83' lang='grc' dir='ltr'><em>πέμφαν</em></span> <span class='ocrx_word' id='word_1_126' title='bbox 397 2495 460 2569; x_wconf 78' lang='grc' dir='ltr'><em>καὶ</em></span> <span class='ocrx_word' id='word_1_127' title='bbox 483 2496 674 2591; x_wconf 85' lang='grc' dir='ltr'><em>δεσμοῖσιν</em></span> <span class='ocrx_word' id='word_1_128' title='bbox 699 2497 739 2567; x_wconf 86' lang='grc' dir='ltr'><em>ἐν</em></span> <span class='ocrx_word' id='word_1_129' title='bbox 765 2494 997 2593; x_wconf 82' lang='grc' dir='ltr'><em>ἀργαλέοισιν</em></span> <span class='ocrx_word' id='word_1_130' title='bbox 1023 2495 1170 2590; x_wconf 87' lang='grc' dir='ltr'><em>ἔδησαν,</em></span> 
     </span>
     <span class='ocr_line' id='line_1_20' title="bbox 226 2604 958 2689; baseline 0 -23"><span class='ocrx_word' id='word_1_131' title='bbox 226 2606 404 2689; x_wconf 80' lang='grc' dir='ltr'><em>νικήσαντες</em></span> <span class='ocrx_word' id='word_1_132' title='bbox 419 2610 527 2688; x_wconf 79' lang='grc' dir='ltr'><em>χερσὶν</em></span> <span class='ocrx_word' id='word_1_133' title='bbox 546 2604 747 2688; x_wconf 82' lang='grc' dir='ltr'><em>όπερθύμους</em></span> <span class='ocrx_word' id='word_1_134' title='bbox 766 2629 821 2686; x_wconf 87' lang='grc' dir='ltr'><em>περ</em></span> <span class='ocrx_word' id='word_1_135' title='bbox 842 2607 958 2678; x_wconf 84' lang='grc' dir='ltr'><em>ἐόντας,</em></span> 
     </span>
     <span class='ocr_line' id='line_1_21' title="bbox 158 2700 1351 2806; baseline 0.003 -31"><span class='ocrx_word' id='word_1_136' title='bbox 158 2724 210 2775; x_wconf 76' lang='lat'><em>720</em></span> <span class='ocrx_word' id='word_1_137' title='bbox 225 2704 359 2797; x_wconf 89' lang='grc' dir='ltr'><em>τόσσον</em></span> <span class='ocrx_word' id='word_1_138' title='bbox 384 2705 511 2805; x_wconf 72' lang='grc' dir='ltr'><em>ἔνερθ’</em></span> <span class='ocrx_word' id='word_1_139' title='bbox 538 2705 611 2780; x_wconf 82' lang='grc' dir='ltr'><em>ἀπὸ</em></span> <span class='ocrx_word' id='word_1_140' title='bbox 638 2712 705 2805; x_wconf 79' lang='grc' dir='ltr'><em>γῆς</em></span> <span class='ocrx_word' id='word_1_141' title='bbox 734 2705 824 2779; x_wconf 81' lang='grc' dir='ltr'><em>ὅσον</em></span> <span class='ocrx_word' id='word_1_142' title='bbox 850 2700 1008 2799; x_wconf 82' lang='grc' dir='ltr'><em>οὐρανός</em></span> <span class='ocrx_word' id='word_1_143' title='bbox 1030 2705 1108 2776; x_wconf 71' lang='grc' dir='ltr'><em>ἐστ’</em></span> <span class='ocrx_word' id='word_1_144' title='bbox 1136 2706 1209 2778; x_wconf 90' lang='grc' dir='ltr'><em>ἀπὸ</em></span> <span class='ocrx_word' id='word_1_145' title='bbox 1234 2704 1351 2806; x_wconf 90' lang='grc' dir='ltr'><em>γαίης.</em></span> 
     </span>
     <span class='ocr_line' id='line_1_22' title="bbox 159 2820 1233 2921; baseline 0.006 -30"><span class='ocrx_word' id='word_1_146' title='bbox 159 2842 209 2891; x_wconf 72' lang='grc' dir='ltr'><em>ενι</em></span> <span class='ocrx_word' id='word_1_147' title='bbox 223 2824 328 2897; x_wconf 89' lang='grc' dir='ltr'><em>ἐννέα</em></span> <span class='ocrx_word' id='word_1_148' title='bbox 354 2822 428 2921; x_wconf 88' lang='grc' dir='ltr'><em>γάρ</em></span> <span class='ocrx_word' id='word_1_149' title='bbox 455 2822 591 2904; x_wconf 88' lang='grc' dir='ltr'><em>νύκτας</em></span> <span class='ocrx_word' id='word_1_150' title='bbox 613 2853 651 2895; x_wconf 90' lang='grc' dir='ltr'><em>τε</em></span> <span class='ocrx_word' id='word_1_151' title='bbox 677 2824 739 2894; x_wconf 82' lang='grc' dir='ltr'><em>καῖ</em></span> <span class='ocrx_word' id='word_1_152' title='bbox 762 2822 887 2917; x_wconf 79' lang='grc' dir='ltr'><em>ἤματα</em></span> <span class='ocrx_word' id='word_1_153' title='bbox 911 2820 1064 2915; x_wconf 87' lang='grc' dir='ltr'><em>χάλκεος</em></span> <span class='ocrx_word' id='word_1_154' title='bbox 1090 2822 1233 2917; x_wconf 86' lang='grc' dir='ltr'><em>ἀκμων,</em></span> 
     </span>
     <span class='ocr_line' id='line_1_23' title="bbox 220 2937 1126 3039; baseline -0.003 -26"><span class='ocrx_word' id='word_1_155' title='bbox 220 2937 430 3036; x_wconf 78' lang='grc' dir='ltr'><em>οὐρανόθεν</em></span> <span class='ocrx_word' id='word_1_156' title='bbox 454 2938 607 3027; x_wconf 78' lang='grc' dir='ltr'><em>κατιοῖν,</em></span> <span class='ocrx_word' id='word_1_157' title='bbox 635 2938 768 3033; x_wconf 78' lang='grc' dir='ltr'><em>δεκάτη</em></span> <span class='ocrx_word' id='word_1_158' title='bbox 795 2942 830 3021; x_wconf 89' lang='grc' dir='ltr'><em>ἐς</em></span> <span class='ocrx_word' id='word_1_159' title='bbox 854 2944 969 3039; x_wconf 90' lang='grc' dir='ltr'><em>γαῖαν</em></span> <span class='ocrx_word' id='word_1_160' title='bbox 992 2941 1126 3011; x_wconf 82' lang='grc' dir='ltr'><em>ἵκοιτο·</em></span> 
     </span>
     <span class='ocr_line' id='line_1_24' title="bbox 223 3052 1276 3153; baseline 0 -23"><span class='ocrx_word' id='word_1_161' title='bbox 223 3058 327 3131; x_wconf 86' lang='grc' dir='ltr'><em>ἐννέα</em></span> <span class='ocrx_word' id='word_1_162' title='bbox 354 3057 391 3130; x_wconf 72' lang='grc' dir='ltr'><em>δ’</em></span> <span class='ocrx_word' id='word_1_163' title='bbox 417 3053 466 3130; x_wconf 84' lang='grc' dir='ltr'><em>αὗ</em></span> <span class='ocrx_word' id='word_1_164' title='bbox 492 3055 629 3139; x_wconf 88' lang='grc' dir='ltr'><em>νύκτας</em></span> <span class='ocrx_word' id='word_1_165' title='bbox 653 3086 692 3129; x_wconf 91' lang='grc' dir='ltr'><em>τε</em></span> <span class='ocrx_word' id='word_1_166' title='bbox 718 3057 781 3131; x_wconf 84' lang='grc' dir='ltr'><em>καὶ</em></span> <span class='ocrx_word' id='word_1_167' title='bbox 804 3058 929 3153; x_wconf 76' lang='grc' dir='ltr'><em>ἤματα</em></span> <span class='ocrx_word' id='word_1_168' title='bbox 952 3052 1105 3149; x_wconf 86' lang='grc' dir='ltr'><em>χάλκεος</em></span> <span class='ocrx_word' id='word_1_169' title='bbox 1132 3056 1276 3153; x_wconf 82' lang='grc' dir='ltr'><em>ἄκμων,</em></span> 
     </span>
     <span class='ocr_line' id='line_1_25' title="bbox 161 3170 1132 3273; baseline 0.005 -30"><span class='ocrx_word' id='word_1_170' title='bbox 161 3193 211 3243; x_wconf 72' lang='lat'><em>7⁶25</em></span> <span class='ocrx_word' id='word_1_171' title='bbox 226 3177 266 3245; x_wconf 92' lang='grc' dir='ltr'><em>ἐκ</em></span> <span class='ocrx_word' id='word_1_172' title='bbox 291 3171 397 3273; x_wconf 91' lang='grc' dir='ltr'><em>γαίης</em></span> <span class='ocrx_word' id='word_1_173' title='bbox 422 3170 573 3259; x_wconf 83' lang='grc' dir='ltr'><em>κατιάιν,</em></span> <span class='ocrx_word' id='word_1_174' title='bbox 601 3170 736 3263; x_wconf 80' lang='grc' dir='ltr'><em>δεκάτῃ</em></span> <span class='ocrx_word' id='word_1_175' title='bbox 763 3178 797 3253; x_wconf 87' lang='grc' dir='ltr'><em>ἐς</em></span> <span class='ocrx_word' id='word_1_176' title='bbox 828 3174 1023 3269; x_wconf 83' lang='grc' dir='ltr'><em>Τάρταρον</em></span> <span class='ocrx_word' id='word_1_177' title='bbox 1048 3178 1132 3248; x_wconf 83' lang='grc' dir='ltr'><em>ἵκοι.</em></span> 
     </span>
     <span class='ocr_line' id='line_1_26' title="bbox 218 3287 1289 3386; baseline 0.003 -25"><span class='ocrx_word' id='word_1_178' title='bbox 218 3289 284 3363; x_wconf 87' lang='grc' dir='ltr'><em>τόν</em></span> <span class='ocrx_word' id='word_1_179' title='bbox 308 3289 389 3385; x_wconf 88' lang='grc' dir='ltr'><em>πέρι</em></span> <span class='ocrx_word' id='word_1_180' title='bbox 411 3287 569 3384; x_wconf 88' lang='grc' dir='ltr'><em>χάλκεον</em></span> <span class='ocrx_word' id='word_1_181' title='bbox 595 3291 697 3385; x_wconf 82' lang='grc' dir='ltr'><em>ἔρκος</em></span> <span class='ocrx_word' id='word_1_182' title='bbox 723 3288 910 3384; x_wconf 87' lang='grc' dir='ltr'><em>ἐλήλαται·</em></span> <span class='ocrx_word' id='word_1_183' title='bbox 940 3289 1038 3386; x_wconf 77' lang='grc' dir='ltr'><em>ἀμφὶ</em></span> <span class='ocrx_word' id='word_1_184' title='bbox 1063 3290 1108 3363; x_wconf 91' lang='grc' dir='ltr'><em>δέ</em></span> <span class='ocrx_word' id='word_1_185' title='bbox 1129 3317 1195 3386; x_wconf 88' lang='grc' dir='ltr'><em>μιν</em></span> <span class='ocrx_word' id='word_1_186' title='bbox 1222 3291 1289 3374; x_wconf 81' lang='grc' dir='ltr'><em>νὺξ</em></span> 
     </span>
     <span class='ocr_line' id='line_1_27' title="bbox 220 3405 1197 3504; baseline 0.004 -25"><span class='ocrx_word' id='word_1_187' title='bbox 220 3406 414 3501; x_wconf 76' lang='grc' dir='ltr'><em>τριστοιχεὶ</em></span> <span class='ocrx_word' id='word_1_188' title='bbox 437 3407 587 3501; x_wconf 83' lang='grc' dir='ltr'><em>κέχυται</em></span> <span class='ocrx_word' id='word_1_189' title='bbox 612 3405 694 3502; x_wconf 77' lang='grc' dir='ltr'><em>περὶ</em></span> <span class='ocrx_word' id='word_1_190' title='bbox 720 3406 856 3502; x_wconf 82' lang='grc' dir='ltr'><em>δειρὴν,</em></span> <span class='ocrx_word' id='word_1_191' title='bbox 885 3407 1005 3502; x_wconf 88' lang='grc' dir='ltr'><em>αάτάρ</em></span> <span class='ocrx_word' id='word_1_192' title='bbox 1033 3408 1197 3504; x_wconf 75' lang='grc' dir='ltr'><em>ὕπερθεν</em></span> 
     </span>
     <span class='ocr_line' id='line_1_28' title="bbox 215 3521 1144 3624; baseline 0.008 -29"><span class='ocrx_word' id='word_1_193' title='bbox 215 3532 281 3623; x_wconf 77' lang='grc' dir='ltr'><em>γῆς</em></span> <span class='ocrx_word' id='word_1_194' title='bbox 307 3524 403 3618; x_wconf 80' lang='grc' dir='ltr'><em>ῥίζαι</em></span> <span class='ocrx_word' id='word_1_195' title='bbox 428 3521 589 3620; x_wconf 86' lang='grc' dir='ltr'><em>πεφύασι</em></span> <span class='ocrx_word' id='word_1_196' title='bbox 615 3524 677 3597; x_wconf 81' lang='grc' dir='ltr'><em>καῖ</em></span> <span class='ocrx_word' id='word_1_197' title='bbox 699 3524 913 3624; x_wconf 80' lang='grc' dir='ltr'><em>ἀτρυγέτοιο</em></span> <span class='ocrx_word' id='word_1_198' title='bbox 940 3523 1144 3622; x_wconf 86' lang='grc' dir='ltr'><em>θαλάσσης.</em></span> 
     </span>
     <span class='ocr_line' id='line_1_29' title="bbox 212 3640 1034 3739; baseline 0 -25"><span class='ocrx_word' id='word_1_199' title='bbox 212 3642 331 3715; x_wconf 86' lang='grc' dir='ltr'><em>Ἔνθα</em></span> <span class='ocrx_word' id='word_1_200' title='bbox 358 3640 442 3714; x_wconf 83' lang='grc' dir='ltr'><em>θεοὶ</em></span> <span class='ocrx_word' id='word_1_201' title='bbox 471 3648 618 3736; x_wconf 82' lang='grc' dir='ltr'><em>Τιτῆνες</em></span> <span class='ocrx_word' id='word_1_202' title='bbox 645 3642 716 3715; x_wconf 81' lang='grc' dir='ltr'><em>ἀπὸ</em></span> <span class='ocrx_word' id='word_1_203' title='bbox 743 3641 848 3738; x_wconf 85' lang='grc' dir='ltr'><em>ζόφῳ</em></span> <span class='ocrx_word' id='word_1_204' title='bbox 873 3641 1034 3739; x_wconf 80' lang='grc' dir='ltr'><em>ἠερόεντι</em></span> 
     </span>
     <span class='ocr_line' id='line_1_30' title="bbox 158 3758 1065 3926; baseline 0.009 -101"><span class='ocrx_word' id='word_1_205' title='bbox 158 3757 448 3923; x_wconf 61' lang='grc' dir='ltr'><em>τροκεκρύφαται</em></span> <span class='ocrx_word' id='word_1_206' title='bbox 472 3763 629 3948; x_wconf 71' lang='grc' dir='ltr'><em>βουλῖγσι</em></span> <span class='ocrx_word' id='word_1_207' title='bbox 654 3758 742 3843; x_wconf 86' lang='grc' dir='ltr'><em>Διὸς</em></span> <span class='ocrx_word' id='word_1_208' title='bbox 764 3762 1065 3926; x_wconf 85' lang='grc' dir='ltr'><em>νεφεληγερέταο·</em></span> 
     </span>
    </p>
   </div>
   <div class='ocr_carea' id='block_1_6' title="bbox 160 3935 1258 4336">
    <p class='ocr_par' dir='ltr' id='par_1_12' title="bbox 160 3935 1258 4336">
     <span class='ocr_line' id='line_1_31' title="bbox 218 3935 1154 4094; baseline 0.003 -26"><span class='ocrx_word' id='word_1_209' title='bbox 218 3996 402 4090; x_wconf 78' lang='grc' dir='ltr'><em>χαλκείας,</em></span> <span class='ocrx_word' id='word_1_210' title='bbox 427 4003 546 4091; x_wconf 87' lang='grc' dir='ltr'><em>τεῖχος</em></span> <span class='ocrx_word' id='word_1_211' title='bbox 572 3996 613 4072; x_wconf 88' lang='grc' dir='ltr'><em>δέ</em></span> <span class='ocrx_word' id='word_1_212' title='bbox 639 3996 844 4093; x_wconf 89' lang='grc' dir='ltr'><em>περοίχεται</em></span> <span class='ocrx_word' id='word_1_213' title='bbox 867 3935 1154 4094; x_wconf 86' lang='grc' dir='ltr'><em>ἀμφοτέρωθεν,</em></span> 
     </span>
     <span class='ocr_line' id='line_1_32' title="bbox 222 4112 1258 4215; baseline 0.003 -30"><span class='ocrx_word' id='word_1_214' title='bbox 222 4117 317 4189; x_wconf 87' lang='grc' dir='ltr'><em>ἔνθα</em></span> <span class='ocrx_word' id='word_1_215' title='bbox 341 4113 439 4211; x_wconf 87' lang='grc' dir='ltr'><em>Γύης</em></span> <span class='ocrx_word' id='word_1_216' title='bbox 465 4112 605 4198; x_wconf 84' lang='grc' dir='ltr'><em>Κόττος</em></span> <span class='ocrx_word' id='word_1_217' title='bbox 631 4146 669 4189; x_wconf 87' lang='grc' dir='ltr'><em>τε</em></span> <span class='ocrx_word' id='word_1_218' title='bbox 693 4115 756 4189; x_wconf 79' lang='grc' dir='ltr'><em>καὶ</em></span> <span class='ocrx_word' id='word_1_219' title='bbox 779 4114 1009 4214; x_wconf 78' lang='grc' dir='ltr'><em>Ὀβριάρεως</em></span> <span class='ocrx_word' id='word_1_220' title='bbox 1035 4114 1258 4215; x_wconf 86' lang='grc' dir='ltr'><em>μεγάθυμος</em></span> 
     </span>
     <span class='ocr_line' id='line_1_33' title="bbox 160 4233 1069 4336; baseline 0.004 -34"><span class='ocrx_word' id='word_1_221' title='bbox 160 4252 209 4303; x_wconf 78' lang='lat'><em>735</em></span> <span class='ocrx_word' id='word_1_222' title='bbox 224 4233 405 4323; x_wconf 89' lang='grc' dir='ltr'><em>ναίουσιν,</em></span> <span class='ocrx_word' id='word_1_223' title='bbox 432 4233 591 4333; x_wconf 86' lang='grc' dir='ltr'><em>φύλακες</em></span> <span class='ocrx_word' id='word_1_224' title='bbox 616 4234 739 4309; x_wconf 84' lang='grc' dir='ltr'><em>πιστοὶ</em></span> <span class='ocrx_word' id='word_1_225' title='bbox 765 4234 852 4315; x_wconf 87' lang='grc' dir='ltr'><em>Διὸς</em></span> <span class='ocrx_word' id='word_1_226' title='bbox 880 4233 1069 4336; x_wconf 84' lang='grc' dir='ltr'><em>αλγιόχοισ.</em></span> 
     </span>
    </p>
   </div>
   <div class='ocr_carea' id='block_1_7' title="bbox 650 4457 849 4466">
    <p class='ocr_par' dir='ltr' id='par_1_13' title="bbox 650 4457 849 4466">
     <span class='ocr_line' id='line_1_34' title="bbox 650 4457 849 4466; baseline -0.01 0"><span class='ocrx_word' id='word_1_227' title='bbox 650 4457 849 4466; x_wconf 49' lang='grc' dir='ltr'><em>..ι-’.α-</em></span> 
     </span>
    </p>
   </div>
   <div class='ocr_carea' id='block_1_8' title="bbox 0 0 1520 5084">
    <p class='ocr_par' dir='ltr' id='par_1_14' title="bbox 0 0 1520 5084">
     <span class='ocr_line' id='line_1_35' title="bbox 0 0 1520 5084; baseline 0 0"><span class='ocrx_word' id='word_1_228' title='bbox 0 0 1520 5084; x_wconf 95' lang='lat' dir='ltr'><em> </em></span> 
     </span>
    </p>
   </div>
  </div>
 </body>
</html>
