3030 5084
650 274 861 337 „23-

225 435 403 535 Ἆλκμήνη
429 438 468 512 δ’
497 440 560 534 ἄρ’
588 443 701 514 ἔτικτε
721 441 815 537 -βίην
837 443 1089 539 Ἡρακληείην,
1183 448 1186 453 ’

230 558 398 653 μιχθεῖσ’
423 561 465 631 ἐν
491 555 657 655 φιλότητι
683 559 770 641 Διὸς
794 562 1086 662 νεφεληγερέταο.

169 782 220 832 945
279 763 449 864 Ἀγλαΐην
474 760 499 834 δ
502 761 512 785 ³
531 759 746 859 Ἥφαιστος
770 762 974 863 ἀγακλυτὸς
1000 764 1220 867 ἀμφιγυήεις

230 876 436 983 ὁπλοτάτην
460 877 641 976 Χαρίτων
664 880 829 978 θαλερὴν
854 879 1025 977 ποιήσατ’
1053 885 1204 961 ἄκοιτιν.

284 1060 503 1151 Χρυσοκόμης
526 1063 564 1130 δέ
585 1060 760 1143 Διώνυσος
784 1064 912 1152 ξανθήν
929 1059 1115 1157 Ἀριάδνην,

234 1162 353 1252 κούρην
374 1163 525 1244 Μίνωος,
548 1166 698 1252 θαλερήν
720 1163 882 1253 ποιήσατ’
907 1161 1047 1236 ἀκοιτιν·

231 1269 290 1353 τήν
313 1268 352 1335 δέ
372 1264 405 1334 οῖ
427 1263 602 1333 ἀθάνατον
624 1269 680 1334 καὶ
702 1263 814 1354 ἀγήρω
837 1272 925 1354 θῆκε
947 1272 1108 1356 Κρονίων.

168 1368 334 1456 υεοἭβην
357 1364 389 1435 δ’
408 1364 590 1456 Ἀλκμήνης
611 1368 837 1459 καλλίσφυρον
859 1363 1000 1454 ἀλκιμος
1019 1371 1108 1456 υῖδς,

231 1469 264 1552 ’ῖς
282 1468 481 1558 Ἡρακλῆος,
502 1469 640 1548 τελέσας
662 1467 857 1550 στονόεντας
879 1467 1036 1555 ἀέθλους,

232 1576 340 1640 παῖδα
362 1572 449 1650 Διὸς
471 1567 633 1657 μεγάλοιο
656 1571 832 1660 καῖἭρης
852 1574 1106 1660 χρυσοπεδίλου,

231 1672 362 1760 αἰδοίην
383 1668 460 1740 θέτ’
486 1665 616 1739 ἀκοιτιν
638 1673 672 1739 ἐν
698 1670 866 1760 Οὐλύμπῳ
890 1674 1055 1763 νιφόεντι·

229 1770 354 1859 όλβιος,
379 1771 416 1853 ὅς
436 1775 524 1862 μέγα
545 1771 642 1861 ἔργον
664 1773 698 1840 ἐν
721 1769 947 1842 ἀθανάτοισιν
970 1775 1116 1858 ἀνύσσας

165 1900 216 1948 955
229 1875 317 1943 ναίει
339 1873 535 1963 ἀπήμαντος
557 1877 613 1943 καί
635 1871 783 1965 ἀγήραος
802 1870 914 1964 ήματα
937 1875 1058 1961 πάντα.

246 2068 248 2073 ’
274 2063 405 2162 Ἠελίῳ
431 2063 471 2138 δ’
500 2064 685 2161 ἀκάμαντι
710 2068 789 2140 τέκε
813 2066 945 2148 κλυτὸς
966 2069 1158 2168 ’.(ἂεανίνη

226 2183 388 2280 Περσηὶς
413 2181 555 2280 Κίρκην
580 2214 619 2257 τε
644 2183 707 2257 καὶ
731 2182 872 2279 Αἰήτην
894 2186 1067 2282 βασιλῆα.
1147 2208 1150 2213 ’

224 2299 362 2396 Αἰήτης
387 2300 426 2374 δ’
454 2301 533 2384 υίδς
560 2300 840 2400 φαεσιμβρότου
862 2301 1020 2378 Ἠελίοιο

224 2416 362 2516 κοάρην
384 2419 574 2493 Ὠκεανοῖο
602 2419 786 2515 τελήεντος
812 2429 995 2517 ποταμοῖο

162 2556 214 2608 960
227 2545 320 2639 γῆμε
344 2541 448 2611 θεῶν
472 2540 669 2632 βουλῇσιν,
688 2538 827 2613 Ἰδυῖαν
852 2542 1117 2640 καλλιπάρῃον·

224 2655 247 2749 ἡ
273 2655 319 2729 δέ
339 2653 387 2729 νά
413 2656 448 2727 οἱ
473 2654 648 2749 Μήδειαν
673 2652 862 2753 έδσφυρον
887 2664 928 2732 ἐν
954 2659 1120 2758 φιλότητι

224 2770 389 2873 γείναθ’,
416 2771 677 2868 ὑποδμηθεῖσα
704 2773 767 2848 διδ
790 2776 952 2871 χρυσέην
970 2777 1199 2875 Ἀφροδίτην.

650 2999 845 3008 -——-...

148 3066 224 3124 XVI.

223 3153 334 3242 Ὑμεῖς
354 3156 415 3240 μὲν
437 3158 493 3221 νῖν
512 3150 649 3240 χαίρετ’,
669 3151 841 3239 Ὀλύμπια
864 3154 992 3241 δώματ’
1017 3157 1159 3244 ἔχοντες·

226 3256 317 3337 νῆσοί
332 3254 362 3318 τ’
383 3250 506 3336 ήπειροέ
522 3278 554 3316 τε
574 3255 625 3316 καί
645 3252 783 3334 ἁλμυρὸς
802 3255 909 3319 ένδοθι
930 3257 1050 3331 πόντος·

165 3374 215 3425 965
228 3357 284 3421 νῦν
307 3351 344 3419 δέ
367 3347 483 3417 θεάων
504 3352 611 3437 φῦλον
633 3345 777 3430 ἀείσατε,
800 3346 982 3437 ἡδυέπειαι

228 3457 369 3521 Μοῦσαι
387 3446 622 3530 Ὀλυμπιάδες,
646 3455 764 3533 κοῦραι
785 3453 872 3528 Διδς
895 3449 1070 3537 αἰγιόχοιο,

227 3553 327 3622 ὅσσαι
350 3550 391 3638 δή
416 3554 570 3636 θνητοῖσι
592 3545 673 3635 παρ’
698 3546 859 3637 ἀνδράσιν
882 3548 1078 3639 εὐνηθεῖσαι

225 3648 401 3723 ἀθάναται
423 3649 572 3740 γείναντο
594 3656 692 3731 θεοῖς
714 3650 886 3720 ἐπιείκελα
908 3655 1017 3721 τέκνα.

275 3756 449 3854 Δήμητηρ
475 3753 544 3852 μὲν
568 3761 746 3829 Πλοῦτον
769 3756 946 3856 ἐγείνατο,
974 3758 1037 3832 δῖα
1063 3759 1203 3851 θεάων,

161 3875 343 3973 97οἸασίῳ
367 3873 460 3972 ἥρωι
486 3872 624 3974 μιγεῖσ’
652 3877 761 3971 ἐρατῇ
788 3873 953 3972 φιλότητι

106 4029 108 4034 ’
222 4003 307 4093 νειῷ
333 3993 388 4069 ἑνὶ
412 3991 573 4091 τριπόλῳ
599 3990 743 4089 Κρήτης
767 3996 807 4068 ἑν
833 3993 932 4069 πίονι
959 3991 1082 4092 δήμῳ·

224 4111 360 4192 ἐσθλὸν,
384 4104 421 4190 δς
443 4103 508 4178 εῖσ’
532 4108 591 4176 έπῖ
611 4112 671 4197 γῆν
691 4135 728 4176 τε
749 4111 806 4178 καὶ
826 4108 925 4200 εὐρέα
949 4116 1036 4178 νιῖτα
1057 4110 1234 4203 θαλάσσης

226 4219 355 4282 πᾶσαν·
379 4217 423 4301 τῷ
445 4213 484 4281 δὲ
503 4209 634 4295 τυχόντι
655 4213 712 4280 καί
734 4204 776 4280 οὗ
796 4210 831 4279 κ’
856 4211 891 4293 ἐς
910 4220 1021 4301 χεῖρας
1042 4211 1163 4299 ῖκηται,

225 4312 338 4383 τόνδ’
360 4312 499 4402 ἀφνειὸν
520 4315 630 4402 ἔθηκε,
654 4312 762 4383 πολύν
782 4316 818 4383 τέ
840 4312 873 4381 οῖ
895 4309 1031 4382 ἀίπασεν
1054 4307 1165 4398 όλβον.

161 4441 211 4492 975
276 4417 422 4515 Κάδμῳ
448 4419 488 4494 δ’
510 4418 695 4515 Ἁρμονίη,
719 4416 892 4517 θυγάτηρ
916 4417 1073 4514 χρυσέης
1092 4418 1320 4517 Ἀφροδίτης,

217 4537 296 4613 Ἰνιδ
322 4535 384 4611 καὶ
410 4536 578 4631 Σεμέλην
601 4536 664 4611 καὶ
682 4535 840 4635 Ἀγαυὴν
864 4534 1113 4634 καλλιπάρῃον
