3030 5084
618 274 832 338 ..33-

115 460 228 556 poterat
248 442 389 510 iioootd’
412 443 462 522 cip.
521 447 576 507 155
596 453 624 503 et
644 445 699 504 166
720 443 783 504 eiici
803 443 924 500 iusserat
943 441 1132 501 Muetzellius.
1152 438 1325 500 Particulam

117 539 177 602 d‘
169 562 199 601 in
219 536 410 623 σφετέρρᾘὸ
432 534 569 616 ἤχθοντο
590 537 738 597 delendam
765 536 1015 603 censui.157
1028 536 1064 593 al.
1085 528 1325 614 ἀποκρόπτεσκε,

116 638 201 696 ctiam
222 631 356 712 ἀνιήσκε.
435 634 490 692 159
512 628 761 707 στοναχιζετοίλ.
823 632 899 689 160
918 623 1071 704 ἀχνυμένη
1092 628 1237 687 Seleucus.

37 778 42 788 .
119 735 173 792 161
199 725 418 808 ἕπερράσσατο
442 725 509 784 libri
534 745 632 783 omnes
658 733 687 782 et
712 724 752 781 ita
771 723 949 800 Lennepius,
976 721 1099 780 correxit
1118 721 1223 780 Goettl.
1249 719 1325 778 idem

118 824 239 882 coniecit
262 817 367 896 ιλολόην
391 839 423 878 τε
444 814 540 894 κακήν
560 813 602 876 τ’.
701 818 756 876 166
776 813 910 894 πατέρος
928 835 960 892 γε
980 814 1046 872 libri
1065 815 1170 892 plures.
1270 815 1327 874 174

114 915 221 996 χερσὶν
239 917 310 975 Μ3.
392 913 447 973 178
468 911 517 968 alii
536 905 649 986 λόχοιο,
670 909 829 969 Abrensins
849 906 988 986 λεχριοιο.
1070 911 1126 969 184
1140 909 1244 977 πᾶσας
1263 903 1327 966 ἐδό·

116 1009 191 1078 ξατο
212 1008 248 1065 G.
269 1028 304 1066 ex
330 1005 391 1063 solo
416 1004 499 1062 Bodl.
524 996 628 1073 πόσας
657 999 766 1075 ιλέξατο
794 1002 907 1061 codices
935 1020 1033 1059 omnes
1060 1010 1088 1061 et
1109 1001 1204 1060 itaL.
1224 993 1329 1068 πάσας

117 1097 238 1171 δείξατο
258 1101 352 1178 Etym.
373 1098 449 1157 Gud.
469 1101 575 1175 ρ..206
654 1103 710 1160 186
731 1097 837 1156 deest
828 1117 859 1154 m
875 1095 940 1153 Bar
957 1094 1041 1154 Bodl.
1062 1095 1142 1154 uncis
1161 1093 1278 1152 inclusit
1292 1093 1327 1152 G.

195 1196 354 1254 188-206.
434 1194 491 1252 188
515 1191 601 1267 vulgo
627 1186 729 1268 μήδεα
755 1185 791 1249 θ’
819 1209 876 1263 αις,
907 1197 1091 1247 correxerunt
1117 1188 1152 1246 G.
1181 1195 1213 1245 et
1233 1189 1267 1246 L.
1293 1206 1328 1245 ex

117 1285 200 1343 codd.
280 1289 335 1347 189
355 1286 503 1362 legebatur
519 1279 689 1359 'Haer'poco,
710 1284 788 1361 quod
806 1281 937 1361 placebat
956 1282 1040 1340 etiam
1063 1281 1090 1340 J.
1110 1279 1148 1338 H.
1168 1279 1280 1338 Vossio.

117 1381 172 1438 186
189 1373 401 1458 Ἀφρογένειαν
420 1372 496 1434 θεὸν
516 1373 566 1433 καὶ
586 1377 621 1434 V.
632 1380 660 1436 2.
681 1371 836 1454 ιλιρρογενῆ
856 1374 955 1434 Herm.
984 1376 1099 1453 spurios
1119 1382 1148 1432 et
1166 1374 1244 1431 hunc
1264 1392 1325 1432 rer·

115 1489 178 1526 sum
200 1480 228 1527 et
248 1473 312 1529 199.
332 1474 390 1530 200
409 1477 580 1528 censuerunt
592 1469 678 1527 Wolf
694 1468 783 1526 Gaisf.
804 1476 889 1545 atque
902 1468 1075 1557 Lennepius.
1135 1469 1191 1526 199
1209 1461 1326 1544 γένοιτο

115 1562 228 1620 codices
248 1563 355 1639 pluresr
433 1566 490 1622 200
509 1583 560 1619 και
552 1554 808 1640 ἱιλίριλοιιιλεαιλ
831 1549 870 1618 αὖ
890 1560 954 1619 V2.
1012 1551 1080 1620 201
1101 1579 1193 1636 usque
1212 1560 1249 1619 ad
1268 1550 1326 1621 206

116 1657 236 1713 exclusit
254 1656 393 1728 Kockius,
413 1663 508 1713 tuetur
528 1585 751 1711 Schoemanirns.

193 1749 299 1807 Versus
312 1751 466 1807 207-210
479 1745 568 1803 obelis
585 1754 721 1803 notarunt
733 1746 855 1804 Wolfins
869 1746 984 1823 aliique,
1004 1755 1120 1804 tuentur
1134 1747 1327 1851 Goettlingins
1376 1784 1378 1788 .

115 1847 143 1897 et
162 1841 384 1898 Schoemannus.

192 1957 245 2013 111.
286 1959 439 2015 211-232
467 1965 500 2012 ut
523 1955 667 2032 peculiare
694 1972 806 2012 carmen
827 1955 965 2032 seiunxi,
977 1957 1023 2015 cui
1047 1977 1080 2014 ex
1100 1956 1325 2034 primoquidem

116 2048 281 2106 recensione
291 2047 389 2105 inserti
399 2048 530 2106 videntur
545 2067 644 2106 versus
655 2050 818 2122 215-222,
835 2068 868 2106 ex
880 2049 969 2108 altera
977 2071 1075 2109 versus
1084 2053 1151 2109 213.
1192 2049 1249 2106 Suo
1262 2050 1327 2110 loco

115 2143 185 2197 haec
205 2140 301 2198 omnia
322 2141 415 2217 posita
437 2160 498 2198 esse
516 2140 644 2199 iudicant
658 2141 693 2198 G.
707 2141 741 2198 L.
751 2151 779 2199 et
791 2142 921 2199 Schoem.
982 2146 1038 2202 213
1059 2152 1088 2201 et
1105 2144 1163 2201 214
1180 2142 1327 2221 transponi

117 2233 200 2290 iussit
220 2235 350 2292 Schoem.
419 2237 571 2294 217-222
592 2233 673 2292 uncis
692 2235 809 2294 inclusit
830 2238 866 2295 G.
882 2236 994 2312 Κῆρας
1014 2229 1046 2293 d‘
1065 2221 1104 2292 αὖ
1125 2232 1176 2292 καὶ
1196 2234 1330 2312 ΜοίραςΙ

118 2326 229 2383 conecit
254 2327 451 2402 Hermannus,
480 2322 709 2404 νηλιτοπὸίνους
735 2328 940 2396 Ruhnkenins;
971 2327 1102 2401 Μοῖραν
1125 2347 1179 2404 pro
1198 2327 1329 2407 Μοίρας

114 2419 265 2495 legendum
286 2421 436 2479 videbatur
454 2420 580 2479 Braunio
601 2421 696 2496 Myth.
717 2423 813 2494 §2585
833 2433 843 2445 ·'
871 2425 936 2485 220,
949 2419 1115 2500 ἐφέπουσιν
1135 2420 1205 2479 Μ3.
1226 2421 1325 2482 Herm.

192 2515 248 2571 221
270 2507 306 2597 οὐ
334 2511 370 2573 ιλὲ
391 2534 464 2572 ποτε
483 2514 582 2571 Herm.
660 2516 718 2573 227
737 2535 789 2592 pro
809 2510 932 2592 Λήθην
951 2513 1067 2572 Ruhnk.
1087 2512 1211 2571 malebat
1223 2503 1324 2591 Ἄτην,

114 2606 244 2683 Heynius
263 2603 399 2682 Λοιμόν,
418 2607 632 2666 Schoemannus
652 2605 763 2684 Δῆριν.
788 2607 931 2684 vulgatam
951 2615 1048 2665 tuetur
1067 2604 1210 2665 Braunius
1229 2609 1323 2684 Myth.

195 2810 244 2866 IV.
285 2812 447 2868 233-262.
517 2812 573 2870 235
593 2808 752 2883 θεμίστων
771 2811 804 2866 Μ
816 2812 843 2869 3.
863 2809 912 2866 alii
932 2802 1122 2883 θεμιστόιαν,
1142 2807 1328 2883 θεμιστείαιν

110 2909 144 2957 οι
167 2899 285 2972 similia,
312 2897 485 2970 θεμιστέων
511 2901 546 2958 G.
567 2910 596 2958 et
614 2901 649 2958 L.
727 2902 785 2958 240
808 2894 959 2976 μεγήριτα
987 2909 1019 2956 ut
1043 2900 1168 2976 plurium
1194 2902 1325 2962 codicum

114 2992 263 3049 lectionem
288 2991 396 3067 recepit
419 2992 453 3049 L.
531 2995 588 3052 246
612 3000 642 3049 et
666 2995 722 3051 247
748 2993 778 3049 in
797 2992 942 3050 nonnullis
961 2991 1041 3050 libris
1060 2993 1227 3070 transpositi
1247 3005 1321 3055 sunt.

118 3080 219 3156 Θαλιή
239 3083 305 3140 libri
325 3103 433 3157 omnes,
453 3093 613 3143 correxerat
632 3083 863 3158 Valckenaerius,
882 3085 973 3142 secuti
993 3092 1060 3142 sunt
1080 3085 1116 3144 G.
1137 3095 1165 3144 et
1184 3086 1218 3145 L.
1267 3093 1324 3151 247

116 3168 244 3248 Εὐνείκη
275 3172 387 3230 codices
411 3174 505 3249 Etym.
522 3178 564 3232 M.
592 3177 628 3232 G.
654 3183 682 3230 et
705 3177 739 3231 L.
770 3176 878 3250 Scripsi
903 3173 1016 3252 Εὐνίκη
1047 3196 1111 3234 cum
1136 3180 1325 3257 Apollodoro,

117 3268 293 3339 Hermanno,
312 3264 447 3322 Braunio.
526 3269 583 3327 248
603 3274 647 3331 est
664 3285 762 3323 versus
782 3265 955 3324 Homericus
975 3266 1009 3324 Il.
1024 3268 1132 3340 XVIII,
1150 3273 1196 3329 43.
1238 3273 1324 3341 Quod

117 3360 157 3417 ibi
178 3378 291 3436 quoque
312 3358 416 3434 legitur
434 3356 560 3433 Πριυτιὺ
582 3359 630 3436 (cf.
650 3380 690 3416 vs.
711 3359 792 3437 243),
811 3367 992 3417 mutaverunt
1011 3358 1060 3417 alii
1084 3359 1114 3416 in
1133 3358 1259 3422 Πλωτώ
1278 3369 1323 3426 vel

117 3444 267 3524 Κραντιό,
293 3451 341 3507 alii
368 3460 562 3509 sustentarunt
583 3453 692 3530 (Braun
711 3453 805 3530 Mytb.
827 3453 915 3529 §79).
1013 3455 1071 3513 260
1090 3449 1252 3515 Πανόπεια
1271 3459 1323 3519 καὶ

116 3542 214 3599 Herm.
313 3544 369 3601 258
389 3545 485 3600 malim
506 3539 677 3622 Αὖτονόριη
698 3565 761 3603 cum
782 3545 849 3604 Ald.
869 3546 934 3603 Bas.
1032 3547 1088 3604 Pro
1106 3544 1323 3613 Λυσιάνασσα

116 3635 298 3693 Hermannus
323 3634 435 3693 volebat
452 3630 666 3713 Λυσιόνειρα,
691 3637 797 3695 Goettl.
812 3632 1018 3696 Ὕσιάνασσα.
1116 3643 1174 3700 260
1192 3639 1272 3723 καλή
1290 3668 1323 3707 τε

118 3723 266 3802 Μενίππη
285 3727 329 3785 vel
348 3724 400 3785 καὶ
420 3726 473 3785 ὃῖα
492 3727 573 3787 Μεν.
593 3728 724 3805 placebat
743 3727 927 3806 Goettlingio.

193 3835 227 3892 V.
265 3839 427 3897 265-336.
469 3839 550 3907 Quae
568 3839 599 3896 in
618 3841 673 3899 hac
693 3839 817 3898 sectione
841 3849 907 3918 post
923 3839 1082 3901 Hesiodeos
1106 3860 1202 3900 versus
1226 3829 1320 3906 266-

117 3931 174 3988 275
194 3927 285 3986 fusius
305 3930 340 3988 de
358 3930 516 4008 Phorcynis
539 3934 675 4010 progenie
700 3939 880 4011 exponuntur
897 3932 1090 4010 terioeemqne
1114 3943 1233 3995 aetatem
1253 3959 1320 4017 pro·

118 4020 199 4094 dunt,
218 4020 347 4080 videntur
366 4044 384 4081 a
402 4024 495 4100 primo
509 4026 698 4102 compositore
719 4022 960 4103 Theogoniam
977 4024 1034 4087 ulio
1054 4027 1174 4084 fortasse
1199 4032 1323 4090 carmine

117 4114 222 4171 inserta
248 4113 295 4169 hic
327 4135 403 4185 esse3
435 4116 515 4174 alteri
545 4119 703 4177 recensioni
730 4116 869 4197 adscripsi
892 4122 1070 4181 versm'871
1100 4122 1156 4178 272
1181 4124 1238 4182 282
1264 4127 1321 4184 283

47 4268 49 4272 ι
117 4209 270 4268 300-302
290 4210 346 4266 312
370 4213 427 4270 323
447 4213 512 4269 324.
592 4215 649 4271 267
670 4204 843 4289 Ὠκυπόδην
861 4210 1078 4291 Apollodorus.¹
1141 4212 1200 4273 270
1219 4216 1320 4274 καλλι-

118 4294 237 4379 πάρῃος
252 4308 294 4358 est
307 4300 417 4358 Seleuci
429 4303 493 4361 lect'
474 4313 513 4361 t1o
526 4303 556 4361 in
571 4304 703 4377 Scholiis,
718 4310 834 4381 receptu
843 4320 862 4360 a
871 4300 1062 4383 Goettlingim
1077 4304 1207 4363 codicum
1222 4307 1320 4367 lectio·

118 4411 181 4449 nem
202 4391 431 4472 καλλιπαρῄους
449 4397 648 4455 tueturLenn.
708 4394 823 4464 παῖδας
839 4388 915 4455 τέκε
922 4396 1088 4461 conflatae.
1147 4400 1204 4458 275
1221 4402 1321 4479 scripsi

120 4483 243 4553 Νυκτὸς
261 4508 314 4564 pro
335 4482 452 4556 νυκτός.
517 4493 574 4549 277
593 4485 696 4547 told
718 4490 815 4547 Herm.
879 4460 935 4550 281
954 4486 1080 4567 ἐξέθορε
1101 4485 1319 4572 Χρυσαωρίλ.

119 4593 184 4632 curn
204 4577 287 4637 codd.
306 4580 365 4638 fere
385 4580 527 4654 omnibus,
546 4576 657 4655 ε’κθορε
676 4582 739 4659 Χρ.
760 4583 862 4641 Paa2
882 4582 981 4642 Herm.
1001 4585 1091 4642 Lenn.
1171 4586 1322 4645 282-286

1105 4679 1123 4734 3
