3030 5084
770 273 983 337 „20-

340 449 483 536 μᾶλλον
508 438 561 513 ἐτ’
588 438 610 534 ἢ
636 438 850 536 τοπάροιθε.
878 441 1004 538 μάχην
1029 443 1070 517 δ’
1098 444 1309 546 ἀμέγαρτον
1334 452 1478 550 ἐγειραν

344 556 492 646 πάντες,
518 555 666 653 θήλειαί
690 588 729 631 τε
753 558 816 632 καὶ
838 560 998 656 ἄρσενες,
1023 561 1137 657 ἤματι
1158 563 1280 661 κείνφ,

349 677 496 770 Ἰίτῆνές
521 706 559 749 τε
586 676 670 750 θεοὶ
693 676 757 749 καὶ
783 677 862 750 όσοι
887 677 1035 774 Κρόνου
1056 682 1274 780 ἐξεγένοντο,
1312 676 1320 684 ”

345 795 409 878 οὕς
434 825 473 868 τε
499 795 594 878 Ζεὺς
617 795 833 893 Ἐρέβεσφιν
858 795 931 869 ὑπὸ
953 798 1097 891 χθονὸς
1121 793 1185 893 ἧκε
1212 800 1371 898 φόωςάε,

283 930 334 981 670
348 912 464 987 ἀεινοί
487 942 527 985 τε
552 913 723 1011 κρατεροί
747 943 797 1003 τε,
827 913 916 1009 βίην
941 913 1148 1011 ὑπέροπλον
1174 921 1325 1013 ἔχοντες.

345 1032 408 1089 τῶν
427 1024 537 1089 ἑκατόν
555 1031 611 1105 μὲν
625 1035 726 1106 χεῖρες
745 1025 802 1088 ἀπ’
824 1025 918 1103 ὤμων
938 1025 1083 1091 ἀίσσοντο

345 1123 440 1180 πᾶσιν
460 1117 553 1196 ὁμῶς,
574 1121 706 1201 κεφαλαὶ
727 1122 761 1181 δὲ
779 1119 900 1204 ἑκάστῳ
920 1118 1107 1200 πεντήκοντα

346 1213 379 1284 ἐξ
398 1206 491 1289 ὤμων
509 1211 661 1300 ἐπέφυκον
681 1212 729 1273 ἐπὶ
749 1216 926 1289 στιβαροῖσι
945 1214 1096 1290 μέλεσσιν.

345 1488 380 1558 οἵ
405 1479 487 1556 τότε
518 1479 706 1576 Τιτήνεσσι
728 1482 959 1557 κατέσταθεν
983 1487 1024 1558 ἐν
1050 1483 1118 1558 aaz·
1140 1494 1268 1588 λυγρῇ,
1312 1521 1316 1528 ·
1374 1522 1376 1527 ’

283 1622 333 1672 675
347 1602 480 1694 πέτρας
505 1595 704 1695 ἠλιβάτους
730 1601 907 1697 στιβαρῇς
933 1605 974 1675 ἐν
995 1603 1123 1700 χερσὶν
1149 1607 1303 1699 ἔχοντες.

351 1727 499 1813 Τιτῆνες
525 1716 563 1790 δ’
593 1716 776 1810 ἑτέρωθεν
802 1718 1052 1815 ἐκαρτύναντο
1079 1720 1274 1823 φάλαγγας

344 1835 593 1934 προφρονέως,
616 1841 753 1930 χειράιν
777 1865 816 1908 τε
841 1836 926 1930 βίης
950 1836 994 1908 θ’
1023 1836 1101 1932 ἅμα
1128 1841 1237 1941 ἐργον
1258 1843 1412 1935 ἐφαινον

345 1951 561 2051 ἀμφότεροι.
600 1951 724 2026 δεινὸν
749 1951 789 2025 ἀέ
815 1954 963 2049 περίαχε
988 1953 1122 2038 πόντος
1147 1958 1321 2054 ἀπείρων,

343 2080 391 2173 γῆ
417 2068 458 2144 ἀέ
479 2069 565 2171 μέγ’
591 2067 857 2171 ἐσμαράγησεν,
886 2073 1049 2147 ἐπέστενε
1076 2073 1116 2147 θ’
1145 2075 1303 2170 οὐρανὸς
1330 2074 1438 2168 εὐρύς

280 2209 330 2261 68⁰
345 2188 539 2285 σειόμενος,
566 2185 728 2261 πειίόθεν
751 2189 789 2261 θ’
817 2186 1025 2263 ἐτινάσσετο
1052 2192 1193 2288 μακρὸς
1212 2193 1400 2287 Ὄλυμπος

344 2316 427 2406 ῥιπῇ
453 2307 518 2382 ὑπ’
547 2304 770 2381 ἀθανάτων·
798 2308 915 2388 ἔνοσις
941 2306 978 2380 δ’
1004 2312 1107 2384 ἵκανε
1131 2313 1264 2408 βαρεῖα

349 2425 545 2524 Τάρταρον
569 2423 741 2522 ἠερόεντα
767 2424 907 2513 ποιίαἰν,
936 2429 1058 2500 αἰπεῖα
1085 2429 1123 2502 τ’
1152 2431 1219 2524 ἰωὴ

342 2546 505 2619 ἀσπέτου
529 2549 684 2638 ἰωχμοῖο
710 2541 864 2640 βολάων
887 2574 927 2616 τε
952 2545 1178 2643 κρατεράων,

282 2650 288 2658 ’
343 2665 392 2746 ὥς
418 2661 482 2759 ἄρ’
511 2661 570 2736 ἐπ’
598 2661 764 2756 ἀλλήλοις
788 2664 893 2736 ἵεσαν
918 2664 1027 2757 βέλεα
1055 2664 1262 2740 στονόεντα.
1300 2662 1304 2669 ’

278 2803 330 2853 σεο
346 2781 452 2879 φωνὴ
480 2778 517 2852 δ’
544 2778 768 2876 ἀμφοτέρων
792 2778 882 2850 ἵκετ’
911 2777 1074 2875 οὐρανὸν
1099 2781 1317 2879 ἀστερόεντα

338 2898 583 2994 κεκλομένων·
610 2898 645 2970 οἱ
670 2895 711 2970 (ἰέ
737 2892 891 2980 ξύνισαν
914 2896 1065 2998 μεγάλφ
1092 2899 1271 2994 ἀλαλητῷ.

342 3017 426 3090 οάἀ’
455 3016 523 3110 ἀρ’
551 3018 603 3086 ἐτι
628 3013 723 3091 Ζεύς
748 3013 851 3103 ἶσχεν
876 3014 939 3085 ἐὸν
962 3016 1085 3105 μένος,
1111 3013 1204 3086 ἀλλά
1229 3041 1277 3088 νυ
1310 3042 1394 3113 τογε

341 3132 451 3228 εἶθαρ
476 3129 546 3225 μὲν
569 3129 694 3226 μένεος
719 3135 856 3221 πλῆντο
883 3128 1023 3224 φρένες,
1050 3135 1090 3204 ἐκ
1116 3132 1160 3205 ἀί
1181 3162 1220 3206 τε
1245 3139 1369 3204 πᾶσαν

342 3255 451 3348 φαῖνε
466 3248 565 3347 βίην.
580 3246 716 3344 ἀμυιίις
734 3245 773 3320 (λ’
787 3245 850 3341 ἀρ’
867 3245 932 3318 ἀπ’
950 3248 1114 3346 ούρανοῦ
1124 3249 1186 3346 ἦθ’
1203 3249 1268 3322 ἀπ’
1278 3246 1468 3346 Ὀλύμπου

279 3389 330 3440 σου
344 3366 569 3466 ἀστράπτων
594 3369 727 3460 ἐστειχε
754 3362 989 3458 συνωχαδόν·
1018 3369 1053 3439 οἱ
1074 3367 1115 3439 ἀὲ
1139 3367 1311 3463 κεραυνοὶ

342 3491 449 3579 ἵκταρ
474 3483 554 3576 ἅμα
574 3482 720 3577 Ιβροντῇ
745 3509 784 3552 τε
810 3481 873 3553 καὶ
897 3481 1066 3578 ἀστραπῇ
1092 3479 1134 3557 εύ
1158 3484 1332 3557 ποτέοντο

338 3600 459 3699 χειρὸς
486 3597 558 3674 ἀπὸ
586 3600 774 3696 στιβαρῆς,
802 3598 902 3694 ἱερὴν
928 3597 1050 3702 φλόγα
1075 3598 1329 3698 εἰλυφόωντες,

341 3720 512 3818 ταρφέες·
539 3716 638 3815 ἀμφὶ
663 3715 703 3791 ἀέ
727 3724 818 3817 γαῖα
844 3720 1036 3816 φερέσβιος
1061 3717 1306 3818 ἐσμαράγιζεν

340 3837 527 3932 καιομένη,
553 3833 638 3909 λάκε
665 3834 704 3908 δ’
730 3835 829 3932 ἀμφὶ
853 3837 944 3934 πυρὶ
967 3835 1101 3937 μεγάλ’
1130 3837 1285 3917 ἀσπετος
1309 3837 1387 3934 ὕλη.

277 3977 328 4029 695
343 3956 411 4047 ἐζει
437 3954 478 4029 (ἰέ
499 3953 614 4049 χθαίν
637 3960 738 4025 πᾶσα
763 3952 825 4026 καὶ
847 3953 1035 4029 Ὠκεανοῖο
1062 3955 1195 4051 ῥέεθρα

338 4073 472 4156 πόντος
493 4073 530 4145 τ’
556 4067 772 4170 ἀτρύγετος·
799 4072 887 4171 τούς
913 4073 952 4146 θ’
980 4073 1125 4169 ἄμφεπε
1153 4071 1291 4167 θερμὸς
1316 4073 1439 4170 ἀϋτμὴ

343 4201 498 4288 Τιτῆνας
520 4187 714 4284 χθονίους,
743 4190 838 4286 φλὸξ
862 4190 887 4264 ἀ
890 4191 901 4216 ³
927 4191 1015 4287 η’έρα
1042 4191 1130 4266 ἀῖαν
1153 4193 1281 4265 ἵκανεν

339 4312 507 4400 ἄσπετος,
534 4309 620 4382 ἀσσε
645 4306 684 4379 δ’
712 4305 849 4402 ἀμεράε
874 4308 938 4381 καὶ
964 4307 1137 4406 ἰφθίμων
1162 4336 1228 4404 περ
1254 4306 1392 4383 ἐόντων

337 4428 433 4528 αὐγὴ
456 4424 719 4523 μαρμαίρουσα
745 4434 928 4518 κεραυνοῦ
953 4457 991 4499 τε
1009 4433 1191 4521 στεροπῆς
1217 4455 1265 4499 τε.

274 4564 323 4615 700
338 4552 476 4639 Καῢμα
502 4544 542 4618 ἀέ
567 4540 765 4616 θεσπέσιον
788 4540 940 4637 κάτεχεν
964 4542 1085 4626 Χάος·
1114 4549 1236 4617 εἴσατο
1263 4542 1304 4615 θ’
1331 4543 1426 4618 ἀντα
