3030 5084
648 211 840 277 ..8-

218 376 321 463 αὐτις
347 381 387 456 δ’
414 375 464 453 αὐ
492 377 697 476 Θαύμαντα
723 383 843 484 μέγαν
866 382 929 455 καὶ
955 381 1121 485 ἀγήνορα
1148 384 1317 485 Φόρκυν,

217 501 312 594 Γαίῃ
337 495 572 601 μισγόμενος,
597 500 661 574 καὶ
685 499 797 596 Κητεύ
822 499 1081 603 καλλιπάρῃον,

217 617 411 717 Εὐρυβίην
434 617 472 691 τ’
500 608 717 714 ἀδάμαντος
742 617 796 693 ἐνὶ
822 619 930 718 φρεσὶ
955 621 1085 717 θυμὸν
1111 624 1279 717 ἔχουσαν.

157 756 208 807 240
272 744 417 834 Νηρῆος
443 735 480 810 δ’
508 726 676 837 ἐγένοντο
702 733 893 839 μεγήρατα
918 739 1027 816 τέκνα
1052 738 1202 836 θεάων,

220 853 345 953 πόντῳ
371 858 412 929 ἐν
436 855 642 957 ἀτρυγέτῳ,
667 854 730 930 καὶ
756 855 928 954 Δωρίδος
953 856 1145 954 ἠϋκόμοιο,

218 971 354 1071 κούρης
374 973 565 1049 Ὠκεανοῖο
589 972 775 1070 τελήεντος
800 982 994 1072 ποταμοῖο,
1017 1016 1020 1021 ·

220 1088 434 1193 Πρωταί·τ’
461 1090 660 1189 Εὐκράντη
684 1122 735 1184 τε,
762 1092 859 1169 Σαιό
882 1093 918 1168 τ’
939 1093 1153 1193 Ἀμφιτρίτη
1178 1123 1232 1186 τε,

222 1207 383 1308 Εὐδώρη
407 1239 446 1284 τε
472 1211 574 1294 θέτις
598 1239 650 1302 τε,
676 1210 824 1308 Γαλήνη
847 1241 887 1286 τε
912 1209 1061 1309 Γλαύκη
1086 1240 1138 1303 τε,

161 1345 212 1396 245
226 1327 413 1426 Κυμοθόη
438 1326 568 1411 Σπειαί
592 1359 643 1420 τε,
674 1327 747 1424 θόη
771 1329 817 1403 θ’
838 1330 934 1425 Ἀλίη
960 1329 995 1402 τ’
1023 1328 1186 1428 ἐρόεσσα,

222 1446 286 1521 καὶ
307 1448 452 1543 Μελίτη
473 1447 654 1545 χαρίεσσα
679 1446 742 1520 καί
768 1447 950 1543 Εὐλιμένη
975 1448 1038 1521 καῖ
1056 1448 1204 1551 Ἀγαυή,

221 1567 400 1662 Πασιθέη
426 1565 462 1639 τ’
486 1563 627 1664 Ἐρατιό
651 1564 778 1639 τεκαὶ
803 1564 943 1661 Εὐνίκη
969 1564 1193 1664 ῥοδόπηχυς·

223 1682 344 1759 Δωτιό
365 1713 404 1758 τε
428 1682 580 1783 Πρωτώ
605 1704 644 1762 τε,
672 1684 848 1780 Φέρουσα
873 1712 913 1757 τε
936 1686 1138 1780 Δυναμένη
1160 1721 1213 1780 τε,

225 1803 371 1900 Νησαίη
392 1832 432 1876 τε
457 1802 521 1894 καὶ
537 1798 682 1896 Ἀκταίη
708 1799 777 1874 καὶ·
792 1794 1073 1898 Πρωτομέδεια,

162 1941 214 1992 250
228 1922 350 2021 Δωρὶς
373 1920 436 1994 καὶ
461 1916 623 2015 Πανόπη
648 1917 712 2019 καί
736 1918 876 2015 εὐειδὴς
901 1919 1095 2012 Γαλάτεια,

218 2037 395 2136 Ἱπποθόη
419 2038 460 2112 τ1
484 2034 640 2136 ἐρόεσσα
660 2037 723 2112 καὶ
744 2027 914 2135 Ἱππονόη
940 2038 1157 2137 ῥοδόπηχυς,

224 2155 428 2261 Κυμοδόκη
456 2155 500 2229 θ’
528 2157 551 2251 ἢ
576 2155 716 2254 κύματ’
744 2161 784 2233 ἐν
808 2157 986 2256 ήεροείδεί·
1006 2157 1132 2257 πόντῳ

227 2274 356 2360 πνοιάς
380 2305 420 2350 τε
445 2275 596 2366 ζαθέων
621 2275 777 2371 ἀνέμων,
795 2277 867 2352 οὐν
891 2272 1141 2380 Κυματολήγῃ

227 2399 304 2492 ῥεῖα
330 2389 483 2494 πρηύνει
507 2393 570 2469 καῖ
583 2392 771 2494 ,ε’ὐσῳύρῳ
793 2395 1024 2503 Ἀμφιτρίτῃ·

164 2512 351 2610 κετΚυμαί
375 2512 410 2586 τ’
437 2510 559 2609 Ηϊόνη
582 2542 622 2586 τε
647 2514 872 2615 ἐϋστέφανός
897 2515 944 2590 θ’
965 2512 1151 2611 Ἁλιμήδη,

222 2630 468 2729 Γλαυκονόμη
489 2663 529 2706 τε
544 2633 796 2731 ,φιλομμειδὴς
820 2634 884 2708 καὶ
906 2633 1178 2731 Ποντοπόρεια,

225 2745 414 2851 Λειαγόρη
438 2776 478 2821 τε
503 2749 566 2823 καὶ
590 2749 765 2854 Εὐαγόρη
790 2751 853 2826 καὶ
877 2751 1103 2847 Λαομέδεια,

226 2865 458 2965 Πουλυνόμη
482 2897 521 2941 τε
548 2867 611 2942 καὶ
635 2868 807 2966 Αὐτονόη
821 2871 896 2944 «καὶ
920 2869 1181 2961 Λυσιάνασσα,

228 2985 380 3084 Εὐάρνη
405 3015 445 3058 τε
466 2984 572 3085 Ιῳυήν
596 2987 632 3057 τ’
662 2988 772 3082 ἐρατὴ
797 2988 861 3058 καί
886 2987 982 3069 είδος
1007 2989 1175 3082 ἄμωμος,

167 3103 296 3176 τοοκαῖ
327 3099 505 3199 Ψαμάθη,
526 3101 707 3198 χαρίεσσα
732 3103 859 3199 δέμας,
886 3103 947 3199 δίη
972 3133 1011 3178 τε
1036 3105 1230 3202 Μενίππη,

227 3217 344 3317 -Νησαί
366 3219 402 3294 τ’
429 3217 615 3316 Εὐπόμπη
640 3249 691 3311 τε,
721 3219 888 3318 θεμιοταί
913 3250 952 3295 τε
979 3220 1132 3321 Προνόη
1157 3255 1197 3298 τε

229 3337 421 3437 Νημερτής
447 3340 506 3430 θ’,
531 3340 556 3434 ἢ
581 3340 721 3437 πατρὸς
746 3342 817 3435 ἔχει
841 3339 931 3416 νόον
956 3340 1175 3416 ἀθανάτοιο.

231 3447 333 3523 αὐτοι
353 3457 414 3540 μὲν
434 3446 571 3543 Νηρῆος
592 3452 763 3539 ἀμύμονος
785 3456 973 3544 ἐξεγένοντο

230 3561 348 3646 κοῦραι
369 3552 585 3646 πεντήκοντα,
608 3552 763 3643 ἀμύμονα
784 3555 853 3648 ἔργ’
878 3558 1011 3628 εἰδυῖαι.

153 3738 188 3796 ν.
534 3746 537 3751 .

166 3849 217 3902 ⁴⁶5
285 3829 437 3927 Θαύμας
462 3830 502 3905 δ’
519 3831 709 3907 Ὠκεανοῖο
734 3832 991 3931 βαθυρρείταο
1017 3833 1193 3935 θίγατρα

228 3947 380 4051 ἠγάγετ’
406 3949 627 4046 Ἠλέκτρην·
652 3949 675 4045 ή
702 3950 739 4024 δ’
768 3951 904 4025 ὠκεῖαν
927 3951 1029 4027 τέκεν
1044 3950 1136 4051 Ἶριν

228 4065 417 4162 ήύκόμους
441 4067 486 4140 θ’
504 4067 692 4165 Ἀρπυιας,
712 4068 842 4143 Ἀελλιιί
867 4069 906 4143 τ’
930 4070 1135 4166 Ὠκυπέτην
1158 4102 1211 4165 τε,

232 4188 275 4258 αῖ
297 4185 331 4282 ῥ’
358 4185 508 4281 ἀνέμων
533 4192 678 4279 πνοιῇσι
703 4186 766 4294 καὶ
792 4193 937 4270 οἰωνοῖς
963 4178 1038 4283 ἅμ”·
1059 4192 1207 4265 ἕπονται

234 4302 362 4398 ιύκείῃς
385 4301 622 4406 πτερύγεσσι,
648 4305 888 4405 μεταχρονίαι
911 4308 985 4408 γὰρ
1010 4312 1147 4386 ἰἀλλον.

165 4509 217 4563 270
282 4488 431 4588 Φόρκυϊ
454 4492 492 4567 δ’
520 4488 570 4566 αὐ
595 4491 707 4588 Κητάι
732 4492 872 4592 Γραίας
897 4496 975 4572 τέκε
1002 4496 1261 4596 καλλιπάρῃος,
