3030 5084
656 254 869 318 -11„.

236 419 373 495 Πειθώ
389 421 434 494 τ’
455 419 614 519 Ἀδμήτη
635 450 688 512 τε,
709 419 837 517 Ἰάνθη
863 423 899 496 τ’
923 423 1097 520 Ἠλέκτρη
1123 452 1174 513 τε,

171 556 222 608 350
237 538 359 636 Δωρίς
383 567 426 613 τε
447 536 622 643 Πρυμνώ
647 570 686 613 τε
710 541 773 614 καί
801 540 966 638 Οὐρανίη
990 540 1171 636 θεοειδὴς,

228 657 339 732 Ἱππώ
364 686 402 731 τε
426 660 602 755 Κλυμένη
626 688 678 748 τε,
700 657 842 734 Ῥόδειά
868 686 906 732 τε
932 656 1118 758 Καλλιρόη
1143 688 1195 750 τε,

232 775 358 861 Ζευξώ
383 807 423 850 τε
448 776 590 871 Κλυτίη
618 804 668 866 τε,
689 775 805 852 Ἰδυῖά
829 806 869 850 τε
893 776 1076 872 Πασιθόη
1101 807 1152 867 τε,

228 893 432 992 Πληξαύρη
457 924 496 967 τε
521 893 745 994 Γαλαξαύρη
766 895 801 969 τ’
830 894 941 994 ἐρατή
965 924 1004 969 τε
1030 890 1168 990 Διώνη,

230 1010 450 1110 Μηλόβοσίς
475 1042 514 1087 τε
543 1002 617 1110 Θόη
642 1042 681 1086 τε
706 1014 769 1088 καὶ
795 1013 934 1109 εὐειδὴς
955 1010 1181 1111 Πολυδώρη,

171 1149 221 1201 355
235 1131 389 1229 Κερκηίς
413 1160 453 1204 τε
478 1129 580 1229 φυὴν
605 1133 715 1229 ἐρατὴ
741 1128 906 1206 Πλουτώ
933 1159 971 1205 τε
996 1134 1150 1228 βοῶπις,

232 1249 395 1347 Περσηίς
419 1250 456 1322 τ’
480 1247 636 1349 Ἰάνειρά
659 1251 697 1324 τ’
718 1247 871 1345 Ἀκάστη
895 1274 934 1322 τε
960 1246 1091 1345 Ξάνθη
1117 1279 1168 1341 τε,

232 1366 401 1465 Πετραίη
426 1366 463 1439 τ’
491 1366 642 1464 ε’ρόεσσα
669 1365 853 1442 Μενεστώ
878 1367 913 1440 τ’
942 1365 1102 1464 Εὐρώπη
1128 1399 1179 1459 τε,

230 1484 355 1580 Μῆτίς
380 1486 417 1559 τ’
441 1483 643 1585 Εὐρυνόμη
666 1515 705 1560 τε
736 1484 901 1560 Τελεστώ
925 1513 964 1558 τε
988 1483 1244 1583 κροκόπεπλος,

229 1603 396 1700 Χρυσηίς
420 1605 457 1677 τ’
477 1586 576 1699 Ἀσίη
599 1632 639 1677 τε
664 1603 727 1678 καὶ
751 1597 945 1701 ἱμερόεσσα
971 1601 1154 1703 Καλυψώ,

168 1738 219 1790 355
233 1719 392 1819 Εὐδώρη
417 1749 456 1795 τε
487 1718 587 1817 Τύχη
613 1750 651 1795 τε
677 1720 740 1795 καὶ
761 1720 925 1821 Ἁμφιρώ
949 1721 1107 1820 Ὠκυρόη
1132 1752 1183 1812 τε,

228 1839 290 1913 καὶ
315 1841 433 1931 Στύξ,
457 1842 480 1936 ἢ
508 1841 554 1936 δὴ
580 1841 707 1938 σφέων
731 1836 1008 1939 προφερεστάτη
1031 1840 1131 1916 ἐστὶν
1156 1834 1338 1918 ἀπασέων.

234 1947 334 2024 αὗται
356 1952 390 2025 δ’
411 1953 570 2025 Ὠκεανοῦ
591 1959 649 2025 καί
675 1953 812 2044 Τηθύος
834 1954 1020 2045 ἐξεγένοντο
1283 1956 1286 1961 ’

232 2055 461 2148 πρεσβύταται
482 2062 613 2149 κοῦραα
637 2057 766 2126 πολλαί
786 2084 822 2146 γε
843 2059 904 2143 μὲν
918 2057 993 2127 ,εἶσι
1014 2053 1211 2127 καῖ’ἀλλαι·

231 2163 302 2251 τρῖς
322 2161 384 2250 γάρ
406 2156 515 2243 χίλιαί
535 2158 602 2229 εἶσι
623 2156 831 2250 τανύσφυροι
848 2157 1044 2240 Ὠκεανῖναι,

168 2285 217 2336 355
230 2264 270 2331 αῖ
288 2269 331 2351 ῥα
353 2262 582 2353 πολυσπερέες
602 2269 701 2352 γαῖαν
721 2264 778 2331 καὶ
799 2263 929 2348 βένθεα
952 2260 1067 2349 λίμνης

231 2362 340 2456 πάντη
364 2362 456 2450 ὁμῶς
478 2365 656 2454 ἐφέπουσι,
679 2363 796 2434 θεάων
818 2362 928 2454 ἀγλαά
949 2367 1065 2434 τέκνα·

229 2465 349 2551 τόσσοι
372 2466 405 2550 δ’
430 2462 516 2536 αάθ>
541 2467 649 2556 ἕτεροι
670 2469 820 2553 ποταμοὶ
839 2466 1008 2557 καναχηδὰ
1030 2466 1169 2556 ῥέοντες,

228 2567 316 2651 υἱέες
334 2567 502 2652 Ὠκεανοῦ,
525 2571 603 2650 τοῖς
625 2568 756 2659 γείνατο
779 2566 903 2639 πότνια
928 2566 1055 2658 Τηθύς.

230 2677 296 2738 τῶν
319 2666 418 2758 ὄνομ’
443 2670 607 2763 ἀργαλέον
629 2669 763 2755 πάντων
777 2673 905 2760 βροτόν
928 2667 1033 2758 ἀνδρα
1054 2671 1211 2755 ἐνισπεῖν,

168 2772 264 2847 375οῖ
285 2776 323 2844 δέ
345 2775 480 2846 ἕκαστοι
500 2774 623 2860 ἴσασιν,
647 2774 724 2847 ὅσοι
746 2771 1031 2864 περιναιετάουσι.

154 2930 217 2987 VII.
1153 2962 1155 2967 ·

281 3005 366 3079 θεία
394 3005 434 3080 δ’
458 3004 603 3083 Ἠέλιόν
627 3037 666 3082 τε
690 3010 811 3110 μέγαν
836 3004 1012 3105 λαμπράν
1035 3035 1075 3080 τε
1100 3005 1270 3106 Σελήνην

223 3122 303 3193 Ἠοῖ
328 3124 388 3211 θ’,
414 3127 436 3216 ἢ
463 3124 664 3200 πάντεσσιν
690 3125 934 3220 ἐπιχθονίοισι
960 3125 1101 3224 φαείνει

229 3237 435 3323 ἀθανάτοις
459 3270 499 3314 τε
525 3245 647 3314 θεοῖσι
672 3240 730 3314 τοί
756 3241 919 3338 οὐρανὸν
937 3243 1057 3338 ἐὐρύν
1073 3246 1215 3335 έχουσι,

226 3356 379 3458 γείναθ’
406 3359 658 3456 ύποδμηθεῖσ’
680 3358 885 3457 Ὑπερίονος
911 3362 952 3434 ἐν
978 3355 1155 3456 φιλότητι,

166 3497 216 3547 355
279 3478 401 3574 Κρείῳ
428 3479 465 3552 δ’
489 3477 663 3577 Εάρυβίη
688 3480 789 3554 τέκεν
814 3481 855 3553 ἐν
879 3475 1046 3576 φιλότητι
1070 3482 1217 3578 μιγεῖσα

221 3593 414 3692 Ἀστραῖόν
434 3623 474 3668 τε
498 3598 618 3697 μέγαν
643 3594 848 3672 Πάλλαντά
862 3610 912 3668 ’τε
938 3595 1002 3669 δῖα
1028 3594 1170 3691 θεάων,

229 3713 379 3811 Πέρσην
404 3713 448 3786 θ’
477 3714 518 3797 ὃς
541 3711 679 3807 πάσῃσι
704 3714 926 3812 μετέπρεπεν
950 3711 1203 3810 ἰδμοσύνῃσιν.
1234 3777 1238 3782 .

272 3832 451 3930 Ἀστραίῳ
477 3832 502 3907 δ
505 3833 515 3858 ³
540 3833 640 3916 Ἠώς
666 3833 825 3930 ἀνέμους
849 3833 927 3906 τέκε
951 3831 1267 3931 καρτεροθύμους,

231 3951 412 4052 ἀργέστην
436 3953 611 4051 Ζέφυρον
635 3953 779 4049 Βορέην
803 3952 840 4026 τ’
869 3942 1184 4051 αἰψηροκέλευθον

167 4088 217 4139 585
231 4068 293 4142 καὶ
317 4067 451 4160 Νότον,
478 4074 518 4143 ἐν
542 4068 708 4168 φιλότητι
733 4071 807 4144 θεά
836 4076 914 4168 θεηῖ
940 4071 1150 4166 εὐνηθεῖσα.

229 4185 316 4268 τοὺς
339 4187 379 4262 δε
403 4188 489 4287 μέτ’
517 4189 652 4288 ἀστέρα
677 4190 798 4266 τίκτεν
818 4188 1028 4288 Ἑωςφόρον
1048 4189 1254 4292 Ἠριγένεια

229 4306 347 4403 ἄστρα
369 4334 408 4380 τε
435 4307 700 4407 λαμπετόωντα
726 4307 810 4383 τότ’
836 4308 993 4407 οὐρανὸς
1019 4307 1280 4409 ἐστεφάνωται.

278 4421 385 4509 Στύξ
407 4424 445 4499 δ’
470 4427 560 4500 ἔτεκ’
584 4410 762 4531 Ὠκεανοῦ
787 4427 960 4530 θυγατὴρ
985 4427 1179 4507 Πάλλαντι
1203 4439 1349 4535 μιγεῖσα

229 4551 350 4638 Ζῆλον
374 4543 437 4618 καί
463 4545 579 4640 Νίκην
602 4547 854 4646 καλλίσφυρον
880 4551 919 4622 έν
945 4546 1150 4649 μεγάροισι,
